1904 3216
730 740 940 795 caput
975 740 1055 786 11.

233 919 374 963 Vetus
405 920 734 964 Testamentum
763 935 980 977 nusquam
1009 928 1156 978 aperte
1186 921 1330 978 docet,
1365 924 1544 966 sabbata
1573 932 1674 968 ante

118 991 275 1036 Mosen
305 994 359 1036 ab
387 992 644 1036 hominibus
682 1007 776 1037 esse
815 993 991 1050 agitata.
1065 994 1120 1036 In
1151 994 1314 1038 Genes.
1341 999 1381 1049 2,
1408 1000 1448 1037 2.
1476 1001 1516 1051 3,
1551 997 1675 1054 cujus

117 1064 204 1109 loci
226 1064 320 1122 jam
340 1079 470 1122 supra
499 1065 665 1109 mentio
694 1066 809 1109 facta
839 1074 920 1121 est,
954 1081 1091 1123 quum
1110 1068 1231 1110 Deus
1252 1067 1437 1124 septimo
1458 1069 1530 1111 die
1551 1070 1675 1125 quic-

117 1136 230 1180 visse
261 1152 449 1194 eumque
479 1153 651 1182 sacrum
681 1139 858 1193 fecisse,
905 1147 950 1182 at
979 1154 1070 1182 non
1099 1139 1301 1183 homines
1327 1140 1510 1197 jussisse
1549 1142 1675 1197 quie-

118 1224 236 1253 scere
267 1210 452 1265 dicatur,
486 1210 535 1253 in
565 1210 700 1254 dubio
729 1211 1008 1267 relinquitur,
1043 1227 1153 1254 num
1172 1212 1369 1256 Hebraei
1395 1220 1473 1256 aut
1492 1214 1676 1271 scriptor

117 1281 363 1336 crediderit,
398 1283 579 1326 sabbata
608 1290 703 1326 tum
733 1298 758 1326 a
787 1285 884 1326 Deo
913 1284 1166 1328 hominibus
1196 1300 1289 1328 esse
1317 1286 1536 1330 mandata.

232 1355 378 1398 Verba
405 1355 488 1398 Ex.
514 1359 582 1408 20,
609 1360 657 1397 8:
694 1357 946 1409 „Memento
977 1356 1066 1400 diei
1095 1357 1279 1413 sabbati,
1314 1364 1365 1400 ut
1395 1366 1543 1402 sancte
1571 1375 1674 1417 agas

116 1430 262 1482 eum“,
305 1427 361 1470 ad
398 1427 514 1470 hanc
553 1428 855 1484 quaestionem
897 1444 989 1472 non
1027 1429 1265 1486 pertinent.
1339 1430 1454 1473 Satis
1496 1432 1675 1487 quidem

117 1499 296 1544 evidens
327 1506 410 1554 est,
440 1499 523 1543 hac
553 1501 750 1558 decalogi
779 1501 876 1558 lege
907 1503 1088 1545 sabbata
1116 1517 1208 1545 non
1246 1517 1340 1545 esse
1370 1503 1563 1559 primum
1603 1504 1674 1546 111-

114 1571 282 1616 stituta.
346 1573 462 1616 Nam
494 1573 615 1626 „dies
636 1573 833 1616 sabbati“
867 1574 972 1629 quid
1003 1581 1131 1630 esset,
1167 1575 1238 1630 iis,
1275 1574 1434 1630 quibus
1454 1575 1528 1618 lex
1549 1576 1675 1619 dare-

113 1651 199 1700 tur,
233 1651 389 1688 notum
424 1659 518 1689 esse
557 1648 820 1703 oportebat1.
893 1646 979 1689 Sed
1018 1661 1073 1689 ex
1111 1662 1161 1690 00
1197 1661 1288 1689 11011
1327 1647 1428 1704 plus
1468 1648 1668 1703 efficitur,

114 1732 245 1774 quam
281 1724 332 1760 ut
370 1718 549 1761 sabbata
592 1725 695 1761 ante
740 1718 996 1776 decalogum
1039 1719 1388 1776 promulgatum,
1438 1735 1529 1763 non
1568 1721 1675 1764 item

113 1797 165 1833 ut
193 1789 399 1833 instituta
425 1790 516 1834 sint
544 1797 646 1833 ante
676 1791 853 1844 Mosen,
900 1791 977 1846 qui
1017 1791 1110 1848 ipse
1147 1799 1291 1848 potest
1327 1798 1456 1835 antea
1494 1795 1675 1837 sabbata

114 1861 318 1905 edixisse.
380 1864 527 1919 Atque
556 1863 596 1906 si
631 1862 792 1920 capitis
805 1864 919 1906 XVI
948 1863 1091 1906 Exodi
1119 1864 1302 1920 scriptor
1332 1880 1540 1908 mannam
1568 1866 1674 1909 filiis

112 1934 288 1978 Israelis
318 1934 390 1978 die
430 1935 584 1991 quinto
626 1935 794 1979 decimo
835 1942 879 1979 et
918 1935 1250 1992 insequentibus
1291 1937 1455 1980 mensis
1492 1938 1672 1981 alterius

111 2014 210 2064 post
238 2009 493 2065 Aegyptum
522 2007 720 2051 relictam
760 2023 786 2050 a
817 2008 897 2051 deo
929 2009 1075 2051 datam
1106 2009 1169 2052 sic
1197 2016 1357 2063 narrat,
1403 2017 1455 2053 ut
1488 2009 1582 2066 jam
1623 2026 1673 2054 eo

113 2087 306 2138 tempore
335 2079 548 2123 Israelitis
579 2080 748 2123 sabbati
778 2080 1056 2124 sanctitatem
1085 2088 1235 2125 notam
1255 2082 1390 2124 fuisse
1404 2084 1420 2111 2
1450 2082 1672 2140 intelliga-

112 2159 196 2208 tur,
231 2158 377 2210 potest
406 2152 657 2207 credidisse,
691 2168 717 2195 a
746 2153 896 2196 Mose
927 2155 1108 2197 sabbata
1138 2169 1231 2197 esse
1262 2161 1406 2209 antea,
1442 2154 1490 2197 in
1519 2156 1673 2199 Mara3

112 2225 295 2269 fortasse
325 2226 421 2282 (Ex,
457 2230 522 2279 15,
561 2229 640 2268 25:
677 2225 776 2278 „Ibi
806 2226 954 2283 posuit
983 2226 1025 2269 01
1054 2226 1198 2284 legem
1222 2242 1273 2270 ac
1297 2226 1372 2284 jus
1404 2233 1448 2270 et
1476 2226 1540 2270 ibi
1571 2242 1671 2270 eum

110 2297 383 2355 periclitatus
414 2298 522 2355 est“)
558 2296 809 2341 constituta.
1070 2284 1078 2292 ⁸
1330 2303 1333 2306 '

206 2438 236 2481 1)
264 2436 347 2472 Vox
371 2443 454 2474 Ἶπῠτ
478 2440 694 2480 ‚,memento“
725 2448 800 2472 non
833 2437 1034 2484 respiciens
1065 2438 1104 2474 in
1135 2442 1279 2485 tempus
1312 2438 1568 2485 praeteritum,
1606 2438 1672 2476 sed

112 2493 152 2530 in
183 2493 351 2531 futurum
385 2493 612 2542 prospiciens
642 2494 814 2530 admonet
844 2494 1053 2539 Israelitas,
1100 2500 1141 2531 ut
1169 2494 1265 2542 legis
1303 2500 1383 2531 tum
1413 2496 1461 2533 iis
1495 2496 1599 2532 datae
1632 2497 1671 2533 in

111 2555 300 2600 posterum
331 2551 407 2588 sint
436 2563 625 2588 memores.
676 2551 786 2589 Nihil
818 2552 934 2599 igitur
965 2553 1012 2589 ad
1044 2552 1257 2590 solvendam
1288 2559 1452 2590 nostram
1484 2554 1671 2600 quaestio-

111 2622 197 2647 nem
219 2610 322 2648 facit.

203 2668 236 2712 2)
261 2667 536 2711 Liebetrut‚
578 2667 653 2703 Die
681 2669 966 2717 Sonntaqqfet'er,
993 2680 1077 2716 pag.
1098 2671 1183 2716 9sq.
1238 2667 1570 2713 Saalschuetz‚
1605 2670 1671 2706 das

111 2724 302 2761 mosaice-he
327 2726 453 2770 Recht,
491 2725 510 2760 I
536 2726 615 2760 389.

208 2783 240 2826 3)
267 2782 328 2818 Ibi
345 2783 496 2820 sabbata
513 2794 591 2819 esse
607 2783 781 2819 instituta
795 2782 1010 2819 Talmudica
1023 2789 1080 2820 est
1092 2784 1287 2828 sententia,
1301 2783 1386 2819 vide
1399 2794 1492 2829 quae
1504 2784 1669 2820 Raschi

112 2839 160 2876 ad
182 2840 219 2877 h.
235 2839 260 2876 L
286 2839 450 2885 adnotat,
478 2839 524 2877 cf.
545 2839 724 2885 Selden,
754 2841 798 2876 de
820 2840 902 2887 jure
926 2840 1087 2877 naturali
1111 2852 1152 2877 ac
1176 2841 1353 2887 gentium,
1383 2852 1420 2887 p.
1441 2842 1507 2876 316
1525 2853 1605 2888 sqq.
