1904 3216
322 471 489 513 Tabula
536 477 702 524 nostra⁷
747 471 860 526 regis
907 477 949 513 et
993 471 1261 512 sacerdotum
1306 472 1528 514 commodo
1568 470 1740 528 scripta,

210 545 355 595 docet,
403 557 512 597 quae
552 542 606 583 iis
645 556 906 596 unoquoque
943 543 1013 585 die
1043 545 1203 586 mensis
1233 544 1357 586 istius
1386 558 1462 600 pro
1493 543 1628 599 ipsius
1659 541 1746 585 diei

209 621 364 656 natura
408 613 605 655 facienda
650 628 845 668 quaeque
881 629 970 656 non
1011 616 1209 658 facienda
1246 616 1346 658 sint.
1415 617 1563 660 Quum
1601 620 1746 656 autem

208 686 322 741 regis
352 686 707 740 sacerdotumque
736 685 826 728 vita
855 685 969 728 vitae
1000 688 1162 729 civium
1191 702 1280 729 non
1316 687 1492 730 omnino
1523 684 1766 742 dissimilis

209 772 302 800 esse
332 756 534 813 potuerit,
569 756 672 798 licet
702 757 913 812 conjicere
943 758 1103 800 similia
1126 759 1195 801 his
1216 766 1344 813 atque
1364 758 1451 800 illis
1471 758 1602 800 fuisse
1623 772 1766 814 prae-v

209 828 387 884 scripta,
430 842 691 882 quamquam
728 829 951 884 probabile
990 837 1074 884 est,
1118 830 1211 886 regi
1242 837 1285 872 et
1314 830 1605 872 sacerdotibus
1628 830 1768 881 ¹nonr'

207 900 330 942 nulla
360 899 495 941 fuisse
524 900 728 941 mandata
757 915 782 942 a
812 907 1049 943 ceterorum
1079 902 1169 944 vita
1197 902 1355 944 aliena.
1714 945 1717 948 ,

323 971 609 1013 Sabbatorum
637 966 1044 1027 hebdomadumque
1073 973 1305 1030 vestigium
1334 973 1438 1016 satis
1468 978 1632 1015 certum
1660 971 1743 1014 hoc

209 1042 447 1096 cernimus,
494 1043 609 1097 quod
647 1043 738 1085 dies
776 1043 1007 1100 septimus,
1052 1051 1228 1099 quartus
1259 1044 1473 1097 decimus,
1517 1043 1746 1086 vicesimus

208 1115 389 1171 primus,
425 1115 808 1157 duodetricesimus
828 1115 1071 1159 interdictis
1099 1117 1345 1174 insignibus
1376 1114 1571 1158 distincti
1601 1116 1743 1157 sunt1.

211 1187 494 1229 Interdioitur
537 1187 631 1242 regi
676 1187 934 1241 quibusdam
972 1190 1102 1230 rebus
1146 1190 1202 1231 ad
1245 1187 1592 1231 commoditatem
1635 1186 1748 1228 vitae

211 1259 553 1315 pertinentibus:
604 1273 775 1301 carnem
827 1274 956 1315 super
996 1260 1142 1316 ignem
1184 1266 1369 1302 assatam
1414 1259 1560 1312 edere,
1609 1263 1749 1299 vestes

210 1338 393 1385 mutare,
427 1336 568 1372 vestes
608 1329 726 1371 albas
766 1330 947 1372 induere
986 1338 1169 1373 vetatur.
1242 1330 1389 1375 Quum
1422 1344 1514 1371 non
1545 1327 1749 1384 jubeatur

205 1402 425 1458 jejunare,
478 1402 553 1444 sed
599 1415 727 1443 carne
772 1408 943 1444 tantum
985 1417 1114 1457 super
1151 1403 1298 1457 ignem
1337 1408 1476 1444 assata
1513 1400 1743 1455 abstinere,

209 1473 342 1530 hujus
362 1488 492 1516 causa
517 1473 741 1515 interdicti
762 1473 933 1516 videtur
952 1474 1101 1528 fuisse,
1128 1475 1242 1529 quod
1261 1474 1383 1516 nefas
1403 1473 1642 1515 habebatur
1661 1471 1748 1514 illis

211 1546 363 1588 diebus
394 1560 590 1600 coquere,
627 1559 755 1599 quam
785 1547 839 1587 ob
869 1560 959 1587 rem
980 1560 1036 1587 ne
1057 1546 1149 1601 regi
1171 1545 1347 1600 quidem
1374 1559 1544 1586 carnem
1566 1550 1748 1587 assatam

210 1617 429 1672 requirere
460 1617 599 1659 licuit.
656 1616 702 1658 Si
731 1617 838 1658 haec
868 1623 933 1658 est
963 1617 1180 1659 sententia
1207 1616 1332 1672 legis,
1367 1615 1654 1672 comparanda
1683 1621 1750 1656 est

211 1703 310 1731 cum
346 1695 573 1744 praecepto
603 1688 890 1730 Pentateuchi
918 1689 998 1730 Ex.
1033 1692 1100 1743 35,
1129 1693 1172 1729 3:
1218 1687 1391 1741 „Nolite
1420 1686 1568 1743 ignem
1598 1687 1746 1729 incen—

212 1761 312 1802 dere
350 1760 398 1801 in
437 1761 639 1802 omnibus
678 1760 830 1802 vestris
871 1759 1101 1802 domiciliis
1139 1758 1209 1801 die
1240 1759 1451 1801 sabbati&
1524 1759 1610 1801 Sed
1646 1744 1775 1800 lice-t.

212 1847 315 1874 sane
347 1832 477 1874 etiam
507 1832 569 1874 ita
597 1830 873 1888 interpretari
902 1830 1057 1886 legem,
1091 1837 1142 1873 ut
1172 1845 1222 1873 ea
1250 1831 1406 1872 vilium
1434 1837 1605 1873 tantum
1632 1829 1750 1886 cibo·-

211 1919 307 1946 rum
336 1919 464 1946 usum
494 1904 581 1946 illis
612 1904 765 1946 diebus
793 1902 1041 1958 permittere
1071 1902 1284 1945 videatur.
1346 1904 1458 1945 Item
1495 1901 1751 1944 vestimenta

213 1982 381 2018 mutare
426 1983 502 2018 aut
546 1990 596 2017 ea
642 1976 694 2017 de
739 1989 867 2016 causa
911 1989 987 2016 rex
1030 1981 1211 2028 vetatur,
1263 1981 1312 2016 ut
1356 1989 1484 2029 quam
1520 1973 1751 2015 minimum

214 2062 366 2102 operae
397 2047 444 2089 in
473 2045 743 2089 vestimentis
773 2045 1006 2088 induendis
1036 2046 1123 2088 illis
1155 2046 1308 2088 diebus
1344 2051 1633 2100 consumatur,
1674 2052 1751 2086 aut

214 2119 329 2173 quod
357 2134 447 2160 non
477 2119 627 2161 deceat
656 2117 926 2160 vestimentis
957 2117 1161 2173 deinceps
1185 2117 1384 2173 pluribus
1405 2117 1584 2159 fortasse
1605 2123 1752 2159 osten-

213 2190 390 2232 tationis
421 2205 548 2233 causa
578 2204 623 2232 se
654 2203 820 2231 ornare.
880 2190 1011 2231 Hanc
1041 2203 1132 2231 esse
1162 2204 1335 2232 causam
1365 2188 1586 2231 interdicti
1622 2188 1748 2230 facile
1775 2204 1778 2207 ¹

213 2262 309 2317 quis
338 2262 571 2304 arbitretur
600 2277 649 2304 eo
671 2261 809 2317 argui,
847 2261 961 2316 quod
982 2260 1112 2303 etiam
1132 2261 1390 2303 vestimenta
1419 2261 1538 2302 alba
1566 2259 1748 2302 induere

213 2334 510 2377 interdicatur.
574 2335 634 2376 At
662 2333 793 2389 hujus
823 2332 887 2375 rei
917 2348 1005 2374 non
1034 2347 1210 2374 necesse
1241 2338 1306 2373 est
1335 2346 1428 2373 eam
1449 2346 1538 2373 esse
1560 2347 1746 2386 causam,

217 2407 332 2461 quod
362 2407 483 2448 albae
515 2412 654 2448 vestes
685 2404 944 2460 insigniores
975 2411 1019 2446 et
1048 2403 1287 2446 festiviores
1324 2404 1432 2455 sint,
1477 2418 1605 2457 quam
1643 2418 1751 2458 quae

212 2478 387 2520 illorum
418 2478 586 2519 dierum
614 2484 792 2519 naturae
824 2476 1098 2530 conveniant,
1133 2476 1208 2518 sed
1227 2476 1329 2518 licet
1348 2474 1573 2530 conjicere,
1605 2489 1752 2531 regem
1773 2523 1779 2527 ι

309 2639 337 2680 1)
363 2637 499 2672 Iisdem
522 2637 632 2672 etiam
655 2636 956 2679 undevicesimus,
986 2636 1154 2683 quocirca
1178 2647 1259 2671 eum
1289 2647 1361 2670 non
1392 2634 1513 2670 minus
1545 2637 1641 2669 recte
1673 2634 1751 2670 sab-

213 2696 339 2731 batum
362 2706 491 2731 vocare
516 2706 719 2741 possumus.
770 2694 892 2733 Quum
915 2699 1036 2730 autem
1060 2694 1178 2729 adhuc
1201 2692 1333 2735 lateat,
1367 2703 1475 2738 quam
1508 2692 1555 2727 ob
1586 2703 1663 2727 rem
1693 2691 1752 2727 hic
1774 2706 1778 2709 ·

215 2753 293 2788 dies
317 2754 508 2789 sabbatum
531 2752 667 2787 factum
691 2751 759 2794 sit,
793 2763 858 2786 nec
883 2743 1081 2797 quidquam
1106 2749 1222 2786 simile
1247 2749 1344 2795 apud
1375 2749 1564 2785 Hebraeos
1594 2748 1753 2785 invenia-

212 2815 285 2853 tur,
314 2810 358 2845 de
381 2822 423 2845 eo
448 2822 521 2845 non
546 2809 700 2856 amplius
723 2819 881 2854 agemus.
