1904 3216
863 228 1142 267 „10—

342 337 639 380 Nihilominus
671 338 838 380 etiamsi
867 338 969 380 libri
989 339 1160 381 Veteris
1181 340 1448 382 Testamenti
1478 341 1559 383 soli
1579 341 1634 382 ad
1654 340 1767 383 hanc

229 410 523 465 quaestionem
553 409 867 465 expediendam
895 417 1065 466 praesto
1096 418 1257 464 essent,
1303 411 1623 468 suspicandum.
1638 411 1763 466 foret,

228 483 406 523 sabbata
431 480 522 536 jam
552 487 653 523 ante
673 481 826 523 Mosen
857 481 1003 536 aliquo
1032 483 1161 524 modo
1191 482 1324 525 fuisse
1347 483 1566 527 distincta.
1620 485 1768 541 Quum

229 553 346 594 enim
376 554 518 595 Moses
548 553 734 609 plurima
763 553 965 596 instituta
1002 569 1120 596 sacra
1151 553 1377 609 (sacrificia
1407 556 1504 611 etc.)
1550 570 1641 598 non
1678 555 1768 612 pri-

228 638 325 666 mus
355 623 587 678 invenerit,
622 625 698 666 sed
727 640 840 667 nova
869 632 1039 668 tantum
1068 625 1252 680 ratione,
1287 641 1371 681 quo
1400 627 1557 669 melius
1577 626 1768 670 Jehovae

227 695 431 751 religioni
467 703 613 738 essent
642 698 977 751 accommodata,
1012 697 1234 751 ordinarit,
1270 698 1491 753 probabile
1521 705 1602 752 est,
1636 698 1769 741 etiam

228 769 468 821 sabbatum,
505 767 631 823 quale
652 768 723 810 lex
743 769 914 812 Veteris
935 770 1203 812 Testamenti
1223 769 1490 825 praescribit,
1525 769 1610 813 etsi
1627 758 1769 813 Israe-

227 839 406 881 litarum
434 840 657 895 proprium
677 840 824 895 fuerit,
860 848 1000 884 ortum
1022 856 1114 883 esse
1136 856 1190 883 ex
1210 841 1356 896 aliqua
1376 848 1475 885 ante
1495 841 1630 884 Mosis
1650 847 1769 884 aeta-

227 918 317 953 tem
346 910 506 954 usitata
536 912 709 968 septimi
740 912 950 968 cujusque
983 913 1071 955 diei
1102 914 1415 956 observatione.

342 984 436 1026 Nec
464 983 568 1026 huic
598 984 839 1026 sententiae
868 991 1116 1041 repugnant
1146 985 1245 1039 loci,
1280 985 1437 1040 quibus
1457 984 1627 1029 sabbati
1656 985 1770 1028 cele-

227 1055 367 1098 bratio
396 1055 573 1112 signum
601 1055 785 1098 foederis
815 1056 929 1098 inter
947 1057 975 1098 J
977 1056 1157 1098 ehovam
1188 1063 1230 1099 et
1249 1057 1467 1099 Israelitas
1496 1057 1770 1100 interceden-

228 1127 284 1169 tis
315 1142 409 1169 esse
439 1127 600 1169 dicitur
631 1128 725 1182 (Ex,
752 1133 819 1182 31,
850 1133 913 1170 13.
959 1128 1114 1170 Ezech.
1152 1133 1220 1181 20,
1260 1134 1324 1171 12.
1363 1129 1418 1172 cf.
1452 1129 1565 1171 Neh.
1601 1134 1639 1182 9,
1680 1129 1765 1186 14).

228 1199 342 1241 Nam
377 1199 432 1241 iis
466 1213 556 1241 non
590 1206 797 1255 negatur,
846 1206 948 1241 ante
992 1200 1147 1242 Mosen
1192 1199 1382 1254 aliquam
1425 1199 1594 1243 sabbati
1636 1199 1769 1243 fuisse

227 1270 471 1323 notionem,
507 1271 583 1312 sed
612 1271 694 1313 hoc
722 1277 893 1313 tantum
923 1270 1159 1326 obtinetur,
1202 1287 1227 1314 a
1264 1271 1387 1313 nulla
1425 1278 1553 1328 gente
1591 1273 1770 1315 sabbata

230 1343 379 1384 eadem
408 1341 575 1384 ratione
606 1328 820 1384 observari
851 1357 935 1398 qua
964 1358 988 1384 a
1017 1343 1207 1385 Jehovae
1236 1343 1411 1399 populo.

341 1415 565 1456 Fuerunt¹
605 1429 727 1467 vero,
771 1414 846 1470 qui
876 1420 1117 1457 statuerent
1155 1416 1293 1471 capite
1322 1416 1435 1458 XVI
1472 1415 1575 1457 libri
1611 1416 1766 1469 Exodi,

229 1487 353 1543 cujus
372 1486 562 1528 narratio
584 1485 681 1527 aliis
702 1486 1011 1528 documentum
1033 1493 1096 1529 est
1125 1486 1292 1529 sabbati
1321 1494 1422 1529 ante
1442 1487 1596 1529 Mosen
1625 1488 1770 1530 obser-

229 1558 318 1600 vati
345 1557 608 1614 (Oschwald,
635 1557 876 1611 Liebetrut,
903 1558 1202 1613 Saalschuetz),
1238 1558 1419 1614 perinde
1449 1558 1619 1600 sabbati
1646 1573 1771 1601 men-

229 1630 394 1672 tionem
413 1629 522 1683 fieri,
557 1643 607 1671 ac
628 1629 664 1671 si
693 1630 853 1685 populo
883 1637 1011 1672 antea
1041 1629 1172 1671 fuerit
1197 1629 1410 1686 ignotum.
1466 1630 1551 1673 Sed
1581 1629 1770 1686 diligen-

230 1702 316 1744 tius
347 1701 601 1758 inspicienti
629 1701 753 1743 nullo
784 1701 902 1743 illius
932 1701 1193 1744 narrationis
1213 1703 1342 1743 verbo
1363 1701 1410 1743 id
1430 1701 1650 1745 videbitur
1668 1716 1771 1759 pro-

227 1773 337 1815 bari.
398 1773 744 1826 Animadvertas,
782 1787 955 1828 quaeso,
997 1772 1124 1814 haec:
1167 1772 1355 1828 populus
1388 1773 1556 1815 etiamsi
1587 1773 1769 1830 septimo

230 1844 301 1886 die
331 1845 559 1887 sabbatum
589 1859 681 1887 esse
710 1845 929 1900 agendum
960 1844 1136 1898 sciebat,
1170 1859 1260 1886 non
1289 1851 1456 1900 poterat
1484 1860 1575 1887 non
1603 1844 1766 1898 mirari,

230 1931 365 1972 quum
404 1923 524 1959 sexto
563 1916 634 1958 die
673 1930 859 1958 mannae
898 1930 988 1958 non
1031 1923 1242 1971 quantum
1282 1915 1436 1958 ceteris
1475 1917 1650 1970 diebus,
1694 1916 1771 1959 sed

231 1988 415 2030 alterum
434 1994 606 2030 tantum
627 1987 921 2044 collegissent3
957 2002 1082 2043 porro
1102 1987 1239 2030 Mosis
1269 1989 1418 2030 verba:
1455 1989 1586 2040 „Cras
1616 1989 1770 2030 sabba-

229 2068 324 2103 tum
355 2067 421 2102 est
451 2063 563 2102 etc.“
596 2066 639 2102 et
669 2073 778 2114 quae
807 2058 1015 2115 postridie
1047 2059 1181 2101 dixit:
1228 2058 1384 2111 „Edite
1421 2074 1516 2101 eam
1552 2059 1770 2114 (mannam

231 2131 320 2174 diei
349 2130 537 2187 proximi
567 2132 836 2187 reservatam)
873 2131 1016 2184 hodie,
1050 2145 1153 2172 nam
1173 2132 1400 2173 sabbatum
1420 2131 1610 2173 Jehovae
1639 2130 1769 2173 hodie

231 2210 316 2246 est:
350 2201 480 2245 hodie
510 2217 599 2245 non
629 2202 862 2245 invenietis
892 2206 1027 2256 eam4‘,
1063 2209 1178 2245 certe
1197 2217 1287 2244 non
1308 2208 1410 2244 sunt
1429 2203 1489 2244 ita
1510 2209 1767 2259 comparata,

230 2281 280 2317 ut
309 2281 404 2316 tum
433 2274 634 2316 instituta
664 2288 757 2316 esse
788 2276 966 2317 sabbata
994 2273 1248 2325 videantur;
1294 2274 1409 2329 quod
1447 2288 1547 2316 vero
1585 2274 1769 2331 septimo

232 2347 302 2389 die
341 2346 545 2388 nonnulli
585 2346 734 2388 castris
776 2338 936 2402 egressi
976 2353 1079 2388 sunt
1118 2360 1323 2388 mannam
1367 2345 1633 2400 quaesitum,
1679 2361 1770 2389 non

232 2418 498 2460 demonstrat
537 2432 609 2460 eos
648 2418 816 2459 sabbati
861 2417 1057 2474 ignaros,
1104 2418 1181 2460 sed
1219 2417 1361 2459 verbis
1400 2417 1535 2460 Mosis
1575 2417 1765 2470 diffisos;

233 2489 421 2545 denique
441 2490 570 2532 verba
589 2503 737 2531 versus
759 2493 811 2530 29
829 2504 836 2529 :
873 2489 1023 2542 „Ecce,
1059 2490 1086 2530 J
1089 2489 1225 2530 ehova
1243 2488 1364 2530 vobis
1385 2490 1611 2530 sabbatum
1631 2489 1764 2542 dedit,

231 2561 330 2604 ideo
361 2562 435 2604 dat
463 2561 585 2603 vobis
613 2568 735 2603 sexto
766 2560 836 2602 die
865 2575 1022 2615 panem
1051 2560 1217 2613 bidui“,
1252 2561 1477 2601 sabbatum
1497 2567 1624 2602 antea
1643 2560 1771 2616 igno-

231 2640 326 2675 tum
370 2633 502 2675 fuisse
546 2647 637 2675 non
679 2638 861 2687 possunt
903 2633 1104 2687 probare,
1157 2646 1289 2686 quum
1333 2631 1593 2673 antecedant
1635 2631 1764 2674 haec:

235 2705 500 2759 „Quousque
544 2718 633 2746 non
677 2702 809 2745 vultis
863 2717 1032 2745 servare
1084 2703 1203 2759 leges
1246 2717 1363 2745 meas
1413 2710 1456 2745 et
1503 2704 1767 2746 mandata?“

328 2870 356 2909 1)
387 2867 557 2903 Oehler
574 2867 599 2902 l.
619 2867 643 2903 l.
672 2879 707 2913 p.
731 2869 806 2903 194.
844 2867 1223 2913 Hengstenberg‚
1245 2868 1306 2901 der
1328 2867 1403 2911 Tay
1422 2868 1482 2902 des
1497 2869 1620 2902 Herm
1641 2869 1770 2911 (1852).
