1904 3216
886 197 1169 237 ..58-

257 307 325 348 III
346 309 387 349 R
410 313 461 349 56
485 308 563 349 Nr.
590 312 610 347 4
644 307 689 348 id
720 307 893 361 quidem
925 307 1096 349 videtur
1135 308 1395 363 explicatum
1434 309 1582 366 fuisse,
1628 311 1704 351 sed
1742 324 1791 352 ea

256 378 347 434 ipsa
377 379 549 421 tabulae
579 393 691 433 pars,
725 377 772 419 in
793 393 878 433 qua
898 379 1229 434 explicationem
1259 380 1460 435 scriptam
1490 381 1620 423 fuisse
1650 381 1792 438 suspi-

255 465 338 503 cor,
374 450 504 505 proh!
540 450 681 491 deleta
711 456 788 492 est.

370 533 538 574 Rursus
568 539 808 575 memoratu
838 533 1021 588 dignum
1052 540 1130 587 est,
1166 534 1349 588 .Ιεὶ..ζιαῑ.
1379 535 1446 589 (=
1467 534 1514 576 ki
1541 535 1713 587 „locus“
1737 541 1789 587 4-

254 604 337 658 ζιαῖ)
374 604 554 646 Assurb.
579 605 666 646 VII
694 609 740 644 15
772 604 866 646 fieri
895 619 1017 660 posse
1047 611 1096 647 ut
1125 605 1342 661 significet
1384 606 1553 658 „locum
1584 606 1787 661 quietis“.

254 675 425 716 Deinde
455 689 556 716 vero
586 674 712 717 nobis
743 682 807 717 est
836 677 1148 731 reputandum,
1184 676 1318 718 fuisse
1348 677 1453 731 dies,
1488 678 1645 732 quibus
1674 678 1790 734 apud

254 747 452 801 Assyrios
473 762 633 788 nomen
654 754 765 789 esset
787 745 969 802 sabana,
1006 749 1120 802 quod
1141 748 1234 789 sine
1264 748 1353 790 ulla
1373 749 1644 792 dubitatione
1672 749 1790 792 idem

253 817 310 859 sit
349 824 477 872 atque
518 814 614 877 2-1ξῴ
653 820 973 873 Hebraeorum,
1018 818 1218 874 Assyrios
1247 827 1393 862 autem
1422 836 1524 863 sane
1554 836 1643 864 non
1682 821 1790 863 alios

253 889 345 931 dies
364 889 450 931 nisi
471 905 576 946 quos
599 890 787 932 diximus
808 891 870 932 ita
900 890 1162 944 distinxisse,
1197 898 1247 932 ut
1275 893 1573 935 Hebraeorum
1602 891 1789 935 sabbatis

250 961 418 1016 possint
456 962 708 1017 comparari.
770 962 921 1017 Itaque
951 963 1053 1005 licet
1091 963 1342 1018 conjectare,
1387 964 1484 1006 illos
1521 963 1612 1006 dies
1655 964 1787 1007 fuisse

251 1048 339 1087 eos,
373 1033 530 1088 quibus
560 1048 719 1075 nomen
749 1040 841 1076 erat
872 1032 1059 1076 sabana:
1096 1032 1265 1077 §ababuc
1294 1042 1439 1077 autem
1477 1030 1705 1092 significat,
1739 1041 1790 1077 ut

251 1119 379 1160 supra
409 1112 790 1147 commemoratum
820 1112 898 1158 est,
934 1105 1077 1157 „diem
1108 1106 1264 1160 quietis
1294 1107 1472 1162 cordis“,
1509 1122 1608 1163 ergo
1638 1107 1790 1149 verisi-

252 1176 354 1217 mile
386 1183 465 1229 est,
500 1176 588 1218 otio
619 1176 716 1218 illos
748 1177 839 1219 dies
869 1177 1003 1219 fuisse
1034 1178 1271 1220 destinatos
1302 1179 1427 1234 eique
1457 1178 1637 1220 minime
1657 1178 1785 1221 tristi.

251 1240 364 1288 Nam
396 1247 534 1289 otium
565 1248 741 1303 quidem
770 1249 914 1303 potuit
942 1249 1146 1305 imperari
1176 1251 1345 1304 timore,
1379 1265 1434 1292 ne
1464 1250 1579 1305 quod
1608 1250 1679 1292 die
1699 1265 1788 1292 non

251 1318 392 1360 fausto
424 1319 587 1361 factum
617 1327 752 1373 esset,
787 1321 899 1362 male
937 1322 1127 1374 caderet,
1172 1322 1358 1364 cordis
1397 1336 1497 1363 vero
1539 1321 1660 1377 quies
1698 1335 1787 1364 non

248 1390 392 1445 potuit
420 1391 540 1433 nasci
569 1391 656 1433 nisi
687 1406 740 1433 ex
767 1392 840 1448 pia
871 1392 957 1434 diei
987 1393 1118 1435 fausti
1149 1400 1190 1435 et
1219 1394 1357 1436 felicis
1387 1393 1726 1435 observatione1.

363 1473 460 1515 Jam
490 1474 687 1516 videmus
718 1475 815 1528 illa,
860 1490 969 1529 quae
999 1491 1126 1532 supra
1155 1476 1432 1518 tractavimus
1462 1475 1619 1529 vetita,
1653 1490 1707 1518 ex
1735 1489 1786 1517 eo

247 1545 437 1600 profecta
467 1559 560 1586 esse
591 1545 793 1599 consilio,
837 1562 892 1588 ne
934 1548 1071 1589 otium
1110 1547 1224 1603 regis
1265 1554 1308 1589 et
1346 1548 1614 1590 sacerdotum
1651 1547 1786 1590 inter-

247 1623 534 1671 rumperetur.
607 1617 794 1672 Reliqua
834 1618 871 1659 si
910 1619 1268 1674 spectaverimus,
1311 1634 1571 1674 quamquam
1609 1619 1783 1675 penitus

247 1687 490 1743 intelligere
520 1689 662 1730 adhuc
691 1705 780 1731 non
810 1705 1054 1745 possumus,
1090 1698 1235 1732 tamen
1265 1690 1498 1732 verisimile
1519 1691 1644 1733 nobis
1664 1691 1785 1733 vide-

246 1759 384 1811 bitur,
435 1760 489 1801 iis
533 1761 709 1815 negotia
754 1762 808 1802 ad
848 1775 939 1802 rem
983 1762 1202 1816 publicam
1245 1763 1479 1817 regendam
1521 1762 1785 1818 pertinentia

247 1830 466 1872 interdici.
547 1831 798 1886 „Regaliter
842 1832 987 1887 loqui“
1030 1833 1252 1888 probabile
1297 1840 1362 1874 est
1403 1833 1648 1889 significare
1688 1833 1783 1889 „jus

247 1902 414 1944 dicere“
446 1903 515 1944 vel
546 1904 628 1954 „ad
658 1903 923 1957 colloquium
953 1904 1067 1945 cives
1098 1905 1366 1958 admittere“,
1401 1903 1504 1947 αὲαν
1526 1904 1654 1960 puzri
1680 1911 1784 1947 con-

246 1973 364 2015 clave
395 1982 627 2028 secretum⁷
662 1975 709 2016 in
740 1989 823 2029 quo
855 1975 1036 2017 consilia
1064 1976 1335 2018 habebantur
1366 1977 1434 2019 vel
1463 1991 1581 2019 sacra
1610 1976 1783 2032 publica

246 2048 602 2101 procurabantur.
655 2048 722 2088 De
743 2047 989 2099 interdicto,
1023 2063 1079 2089 ne
1108 2063 1258 2103 magus
1280 2048 1778 2101 exsecrationemfaciat,

246 2117 450 2172 suspicor,
496 2117 589 2172 ejus
630 2118 763 2160 fuisse
801 2118 1062 2172 quibusdam
1098 2118 1144 2159 in
1186 2119 1326 2162 causis
1370 2120 1567 2162 homines
1602 2127 1678 2162 aut
1713 2135 1780 2163 res

245 2189 471 2242 exsecrari,
505 2189 636 2244 idque
667 2190 735 2231 die
766 2204 885 2231 sacro
916 2190 1076 2244 quietis
1097 2190 1191 2231 fieri
1211 2190 1275 2232 fas
1295 2206 1386 2233 non
1405 2191 1553 2233 fuisse.
1609 2192 1780 2237 Quibus

242 2261 371 2301 rebus
402 2261 624 2315 perpensis
654 2275 731 2316 pro
763 2261 981 2316 explorato
1010 2261 1234 2314 habemus,
1260 2264 1375 2318 apud
1395 2263 1656 2318 Babylonios
1687 2263 1779 2306 dies

247 2331 473 2386 ‚buln-qiu„
507 2332 582 2387 qui
612 2338 832 2385 vocantur,
877 2332 965 2374 otio
1005 2332 1137 2375 fuisse
1175 2340 1369 2376 accurate
1409 2335 1673 2378 observando
1703 2335 1780 2377 ad-

243 2402 398 2444 dictos.

336 2541 366 2581 1>
401 2539 500 2575 Huic
531 2540 734 2576 sententiae
766 2552 839 2575 non
871 2542 992 2576 obstat
1025 2542 1195 2585 vetitum,
1235 2554 1278 2577 ne
1311 2554 1375 2577 rex
1409 2542 1623 2579 libationem
1656 2544 1776 2580 faciat.

242 2596 378 2631 Mirum
402 2608 499 2639 sane,
527 2597 685 2643 quietem
708 2597 824 2643 pluris
848 2598 1030 2633 aestimari
1053 2598 1228 2635 libatione
1254 2602 1365 2643 (secus
1393 2600 1482 2636 haec
1510 2612 1568 2636 res
1588 2601 1778 2648 judicatur

242 2653 281 2688 in
304 2654 384 2689 Vet.
410 2654 541 2697 Test.):
578 2654 641 2689 sed
664 2654 826 2700 vesperi,
855 2661 1015 2702 tempore
1038 2668 1201 2702 operum,
1231 2656 1328 2702 quod
1353 2656 1480 2693 diebus
1505 2658 1681 2705 &nayda
1708 2659 1776 2695 otii

243 2722 320 2746 esse
345 2711 468 2754 debet,
505 2712 721 2757 praeterito,
757 2711 816 2747 die
841 2713 952 2748 XXI⁰
985 2713 1094 2748 etiam
1124 2726 1239 2757 mane,
1275 2714 1490 2750 sacrificium
1522 2716 1775 2762 quotidianum

247 2768 356 2814 (quod
386 2768 555 2814 plurimis
589 2769 716 2804 diebus
744 2769 887 2815 vesperi
920 2770 1038 2813 fiebat)
1074 2771 1152 2806 fieri
1180 2771 1339 2817 jubetur,
1385 2772 1482 2807 unde
1511 2772 1771 2819 cognoscimus,

242 2826 309 2860 hos
333 2825 411 2861 dies
435 2838 508 2860 non
531 2836 609 2861 esse
633 2826 804 2872 profanos
829 2825 985 2862 habitos.
