<?xml version="1.0" encoding="UTF-8"?>
<!DOCTYPE html PUBLIC "-//W3C//DTD XHTML 1.0 Transitional//EN"
    "http://www.w3.org/TR/xhtml1/DTD/xhtml1-transitional.dtd">
<html xmlns="http://www.w3.org/1999/xhtml" xml:lang="en" lang="en">
 <head>
  <title>
</title>
<meta http-equiv="Content-Type" content="text/html;charset=utf-8" />
  <meta name='ocr-system' content='tesseract 3.04.00' />
  <meta name='ocr-capabilities' content='ocr_page ocr_carea ocr_par ocr_line ocrx_word'/>
</head>
<body>
  <div class='ocr_page' id='page_1' title='image "./quaestionesdehis00lotzuoft/quaestionesdehis00lotzuoft_0028.png"; bbox 0 0 1904 3216; ppageno 0'>
   <div class='ocr_carea' id='block_1_1' title="bbox 841 196 1122 235">
    <p class='ocr_par' dir='ltr' id='par_1_1' title="bbox 841 196 1122 235">
     <span class='ocr_line' id='line_1_1' title="bbox 841 196 1122 235; baseline -0.004 0"><span class='ocrx_word' id='word_1_1' title='bbox 841 196 1122 235; x_wconf 76' lang='lat'><strong>—20—</strong></span> 
     </span>
    </p>
   </div>
   <div class='ocr_carea' id='block_1_2' title="bbox 208 306 1753 1149">
    <p class='ocr_par' dir='ltr' id='par_1_2' title="bbox 208 306 1753 1149">
     <span class='ocr_line' id='line_1_2' title="bbox 210 306 1749 363; baseline 0.001 -14"><span class='ocrx_word' id='word_1_2' title='bbox 210 308 435 363; x_wconf 90' lang='lat' dir='ltr'><strong>reperitur.</strong></span> <span class='ocrx_word' id='word_1_3' title='bbox 501 308 628 352; x_wconf 84' lang='lat' dir='ltr'><strong>Quod</strong></span> <span class='ocrx_word' id='word_1_4' title='bbox 658 307 727 348; x_wconf 90' lang='lat' dir='ltr'><strong>his</strong></span> <span class='ocrx_word' id='word_1_5' title='bbox 759 306 945 349; x_wconf 86' lang='lat' dir='ltr'><strong>efficitur</strong></span> <span class='ocrx_word' id='word_1_6' title='bbox 985 307 1273 363; x_wconf 82' lang='lat' dir='ltr'><strong>argumentis:</strong></span> <span class='ocrx_word' id='word_1_7' title='bbox 1319 307 1417 349; x_wconf 86' lang='lat' dir='ltr'>Sint</span> <span class='ocrx_word' id='word_1_8' title='bbox 1457 308 1532 349; x_wconf 91' lang='lat' dir='ltr'><strong>illa</strong></span> <span class='ocrx_word' id='word_1_9' title='bbox 1570 308 1749 350; x_wconf 84' lang='lat' dir='ltr'><strong>nomina</strong></span> 
     </span>
     <span class='ocr_line' id='line_1_3' title="bbox 210 378 1742 434; baseline 0.001 -14"><span class='ocrx_word' id='word_1_10' title='bbox 210 379 378 420; x_wconf 90' lang='lat' dir='ltr'><strong>dierum</strong></span> <span class='ocrx_word' id='word_1_11' title='bbox 409 394 433 420; x_wconf 89' lang='lat' dir='ltr'><strong>a</strong></span> <span class='ocrx_word' id='word_1_12' title='bbox 454 379 650 434; x_wconf 89' lang='lat' dir='ltr'><strong>planetis·</strong></span> <span class='ocrx_word' id='word_1_13' title='bbox 671 379 801 420; x_wconf 87' lang='lat' dir='ltr'><strong>ducta</strong></span> <span class='ocrx_word' id='word_1_14' title='bbox 821 378 986 433; x_wconf 90' lang='lat' dir='ltr'><strong>priscae</strong></span> <span class='ocrx_word' id='word_1_15' title='bbox 1007 378 1251 420; x_wconf 88' lang='lat' dir='ltr'><strong>vetustatis.</strong></span> <span class='ocrx_word' id='word_1_16' title='bbox 1304 379 1476 434; x_wconf 87' lang='lat' dir='ltr'><strong>Ecquae</strong></span> <span class='ocrx_word' id='word_1_17' title='bbox 1496 379 1581 421; x_wconf 89' lang='lat' dir='ltr'><strong>fuit</strong></span> <span class='ocrx_word' id='word_1_18' title='bbox 1601 394 1742 432; x_wconf 85' lang='lat' dir='ltr'><strong>causa,</strong></span> 
     </span>
     <span class='ocr_line' id='line_1_4' title="bbox 210 449 1748 505; baseline 0 -13"><span class='ocrx_word' id='word_1_19' title='bbox 210 465 341 504; x_wconf 89' lang='lat' dir='ltr'><strong>quare</strong></span> <span class='ocrx_word' id='word_1_20' title='bbox 387 450 479 492; x_wconf 90' lang='lat' dir='ltr'><strong>dies</strong></span> <span class='ocrx_word' id='word_1_21' title='bbox 524 449 700 491; x_wconf 83' lang='lat' dir='ltr'>Saturni</span> <span class='ocrx_word' id='word_1_22' title='bbox 740 464 840 505; x_wconf 88' lang='lat' dir='ltr'><strong>prae</strong></span> <span class='ocrx_word' id='word_1_23' title='bbox 886 450 1038 492; x_wconf 89' lang='lat' dir='ltr'><strong>ceteris</strong></span> <span class='ocrx_word' id='word_1_24' title='bbox 1083 449 1269 505; x_wconf 86' lang='lat' dir='ltr'><strong>insignis</strong></span> <span class='ocrx_word' id='word_1_25' title='bbox 1309 449 1566 493; x_wconf 75' lang='lat' dir='ltr'><strong>haberetur?</strong></span> <span class='ocrx_word' id='word_1_26' title='bbox 1629 452 1748 493; x_wconf 90' lang='lat' dir='ltr'><strong>Num</strong></span> 
     </span>
     <span class='ocr_line' id='line_1_5' title="bbox 210 522 1750 578; baseline 0.001 -16"><span class='ocrx_word' id='word_1_27' title='bbox 210 523 422 563; x_wconf 83' lang='lat' dir='ltr'><strong>Saturnus</strong></span> <span class='ocrx_word' id='word_1_28' title='bbox 453 529 503 563; x_wconf 92' lang='lat' dir='ltr'><strong>ut</strong></span> <span class='ocrx_word' id='word_1_29' title='bbox 535 522 641 563; x_wconf 85' lang='lat' dir='ltr'><strong>deus</strong></span> <span class='ocrx_word' id='word_1_30' title='bbox 673 536 897 576; x_wconf 90' lang='lat' dir='ltr'><strong>supremus</strong></span> <span class='ocrx_word' id='word_1_31' title='bbox 928 522 1069 564; x_wconf 84' lang='lat' dir='ltr'><strong>cultus</strong></span> <span class='ocrx_word' id='word_1_32' title='bbox 1100 524 1194 563; x_wconf 86' lang='lat' dir='ltr'><strong>est?</strong></span> <span class='ocrx_word' id='word_1_33' title='bbox 1259 522 1346 563; x_wconf 88' lang='lat' dir='ltr'><strong>Cur</strong></span> <span class='ocrx_word' id='word_1_34' title='bbox 1385 523 1519 578; x_wconf 86' lang='lat' dir='ltr'><strong>igitur</strong></span> <span class='ocrx_word' id='word_1_35' title='bbox 1557 523 1750 566; x_wconf 84' lang='lat' dir='ltr'>Hebraei</span> 
     </span>
     <span class='ocr_line' id='line_1_6' title="bbox 210 592 1750 648; baseline 0.001 -14"><span class='ocrx_word' id='word_1_36' title='bbox 210 593 386 634; x_wconf 81' lang='lat' dir='ltr'>Saturni</span> <span class='ocrx_word' id='word_1_37' title='bbox 407 592 521 634; x_wconf 89' lang='lat' dir='ltr'><strong>diem</strong></span> <span class='ocrx_word' id='word_1_38' title='bbox 553 592 706 635; x_wconf 88' lang='lat' dir='ltr'><strong>ceteris</strong></span> <span class='ocrx_word' id='word_1_39' title='bbox 736 593 1050 648; x_wconf 71' lang='lat' dir='ltr'><strong>praetulerint?</strong></span> <span class='ocrx_word' id='word_1_40' title='bbox 1099 593 1270 638; x_wconf 83' lang='lat' dir='ltr'><strong>Quibus</strong></span> <span class='ocrx_word' id='word_1_41' title='bbox 1291 593 1353 636; x_wconf 92' lang='lat' dir='ltr'><strong>sic</strong></span> <span class='ocrx_word' id='word_1_42' title='bbox 1373 594 1632 636; x_wconf 80' lang='lat' dir='ltr'><strong>occurritur:</strong></span> <span class='ocrx_word' id='word_1_43' title='bbox 1668 594 1750 637; x_wconf 85' lang='lat' dir='ltr'><strong>etsi</strong></span> 
     </span>
     <span class='ocr_line' id='line_1_7' title="bbox 208 663 1751 719; baseline 0.002 -14"><span class='ocrx_word' id='word_1_44' title='bbox 208 679 298 706; x_wconf 88' lang='lat' dir='ltr'><strong>non</strong></span> <span class='ocrx_word' id='word_1_45' title='bbox 329 663 505 705; x_wconf 90' lang='lat' dir='ltr'><strong>omnino</strong></span> <span class='ocrx_word' id='word_1_46' title='bbox 535 664 831 707; x_wconf 88' lang='lat' dir='ltr'><strong>nobilissimus</strong></span> <span class='ocrx_word' id='word_1_47' title='bbox 864 665 1040 707; x_wconf 85' lang='lat' dir='ltr'><strong>Saturni</strong></span> <span class='ocrx_word' id='word_1_48' title='bbox 1070 665 1161 707; x_wconf 88' lang='lat' dir='ltr'><strong>dies</strong></span> <span class='ocrx_word' id='word_1_49' title='bbox 1190 665 1365 707; x_wconf 88' lang='lat' dir='ltr'><strong>habitus</strong></span> <span class='ocrx_word' id='word_1_50' title='bbox 1395 673 1476 719; x_wconf 84' lang='lat' dir='ltr'><strong>est,</strong></span> <span class='ocrx_word' id='word_1_51' title='bbox 1514 672 1627 708; x_wconf 88' lang='lat' dir='ltr'><strong>certe</strong></span> <span class='ocrx_word' id='word_1_52' title='bbox 1657 666 1751 708; x_wconf 85' lang='lat' dir='ltr'><strong>dies</strong></span> 
     </span>
     <span class='ocr_line' id='line_1_8' title="bbox 209 736 1750 791; baseline 0.002 -14"><span class='ocrx_word' id='word_1_53' title='bbox 209 736 286 777; x_wconf 86' lang='lat' dir='ltr'><strong>otii</strong></span> <span class='ocrx_word' id='word_1_54' title='bbox 316 736 442 777; x_wconf 90' lang='lat' dir='ltr'><strong>facile</strong></span> <span class='ocrx_word' id='word_1_55' title='bbox 471 736 615 791; x_wconf 87' lang='lat' dir='ltr'><strong>potuit</strong></span> <span class='ocrx_word' id='word_1_56' title='bbox 643 736 752 790; x_wconf 80' lang='lat' dir='ltr'><strong>fieri,</strong></span> <span class='ocrx_word' id='word_1_57' title='bbox 789 751 922 790; x_wconf 93' lang='lat' dir='ltr'><strong>quum</strong></span> <span class='ocrx_word' id='word_1_58' title='bbox 954 737 1165 778; x_wconf 87' lang='lat' dir='ltr'><strong>Saturnus</strong></span> <span class='ocrx_word' id='word_1_59' title='bbox 1197 736 1349 779; x_wconf 87' lang='lat' dir='ltr'><strong>aetatis</strong></span> <span class='ocrx_word' id='word_1_60' title='bbox 1379 752 1549 791; x_wconf 75' lang='lat' dir='ltr'><strong>aureae,</strong></span> <span class='ocrx_word' id='word_1_61' title='bbox 1593 737 1750 780; x_wconf 88' lang='lat' dir='ltr'><strong>laboris</strong></span> 
     </span>
     <span class='ocr_line' id='line_1_9' title="bbox 208 807 1751 861; baseline 0.002 -13"><span class='ocrx_word' id='word_1_62' title='bbox 208 807 407 849; x_wconf 89' lang='lat' dir='ltr'><strong>molestia</strong></span> <span class='ocrx_word' id='word_1_63' title='bbox 437 808 646 861; x_wconf 77' lang='lat' dir='ltr'><strong>vacantis,</strong></span> <span class='ocrx_word' id='word_1_64' title='bbox 688 823 764 850; x_wconf 85' lang='lat' dir='ltr'><strong>rex</strong></span> <span class='ocrx_word' id='word_1_65' title='bbox 799 808 930 850; x_wconf 84' lang='lat' dir='ltr'><strong>fuisse</strong></span> <span class='ocrx_word' id='word_1_66' title='bbox 972 809 1201 850; x_wconf 85' lang='lat' dir='ltr'><strong>diceretur.</strong></span> <span class='ocrx_word' id='word_1_67' title='bbox 1271 809 1333 849; x_wconf 90' lang='lat' dir='ltr'><strong>At.</strong></span> <span class='ocrx_word' id='word_1_68' title='bbox 1366 809 1448 850; x_wconf 88' lang='lat' dir='ltr'><strong>ista</strong></span> <span class='ocrx_word' id='word_1_69' title='bbox 1485 810 1751 851; x_wconf 84' lang='lat' dir='ltr'><strong>Graecorum</strong></span> 
     </span>
     <span class='ocr_line' id='line_1_10' title="bbox 210 879 1751 936; baseline 0.001 -15"><span class='ocrx_word' id='word_1_70' title='bbox 210 887 252 921; x_wconf 92' lang='lat' dir='ltr'><strong>et</strong></span> <span class='ocrx_word' id='word_1_71' title='bbox 281 881 578 922; x_wconf 87' lang='lat' dir='ltr'><strong>Romanorum</strong></span> <span class='ocrx_word' id='word_1_72' title='bbox 607 879 754 921; x_wconf 88' lang='lat' dir='ltr'><strong>fabula</strong></span> <span class='ocrx_word' id='word_1_73' title='bbox 784 894 926 934; x_wconf 90' lang='lat' dir='ltr'><strong>neque</strong></span> <span class='ocrx_word' id='word_1_74' title='bbox 957 881 1073 936; x_wconf 92' lang='lat' dir='ltr'><strong>apud</strong></span> <span class='ocrx_word' id='word_1_75' title='bbox 1104 886 1254 935; x_wconf 84' lang='lat' dir='ltr'><strong>gentes</strong></span> <span class='ocrx_word' id='word_1_76' title='bbox 1287 879 1526 934; x_wconf 69' lang='lat' dir='ltr'><strong>Semifflcas,</strong></span> <span class='ocrx_word' id='word_1_77' title='bbox 1559 881 1636 922; x_wconf 91' lang='lat' dir='ltr'><strong>ubi</strong></span> <span class='ocrx_word' id='word_1_78' title='bbox 1656 881 1751 929; x_wconf 86' lang='lat' dir='ltr'><strong>He-</strong></span> 
     </span>
     <span class='ocr_line' id='line_1_11' title="bbox 208 951 1746 1007; baseline 0.001 -14"><span class='ocrx_word' id='word_1_79' title='bbox 208 954 436 994; x_wconf 88' lang='lat' dir='ltr'><strong>braeorum</strong></span> <span class='ocrx_word' id='word_1_80' title='bbox 466 951 769 999; x_wconf 85' lang='lat' dir='ltr'><strong>institutorum</strong></span> <span class='ocrx_word' id='word_1_81' title='bbox 803 951 968 994; x_wconf 85' lang='lat' dir='ltr'><strong>radices</strong></span> <span class='ocrx_word' id='word_1_82' title='bbox 1006 951 1282 1007; x_wconf 89' lang='lat' dir='ltr'><strong>potissimum</strong></span> <span class='ocrx_word' id='word_1_83' title='bbox 1321 958 1424 993; x_wconf 85' lang='lat' dir='ltr'><strong>sunt</strong></span> <span class='ocrx_word' id='word_1_84' title='bbox 1464 952 1746 1006; x_wconf 83' lang='lat' dir='ltr'><strong>quaerendae,</strong></span> 
     </span>
     <span class='ocr_line' id='line_1_12' title="bbox 208 1023 1753 1080; baseline 0 -15"><span class='ocrx_word' id='word_1_85' title='bbox 208 1024 436 1080; x_wconf 71' lang='lat' dir='ltr'><strong>reperitur,</strong></span> <span class='ocrx_word' id='word_1_86' title='bbox 470 1037 613 1077; x_wconf 89' lang='lat' dir='ltr'><strong>neque</strong></span> <span class='ocrx_word' id='word_1_87' title='bbox 643 1023 759 1078; x_wconf 90' lang='lat' dir='ltr'><strong>apud</strong></span> <span class='ocrx_word' id='word_1_88' title='bbox 788 1023 1039 1078; x_wconf 85' lang='lat' dir='ltr'><strong>Aegyptios,</strong></span> <span class='ocrx_word' id='word_1_89' title='bbox 1078 1023 1152 1078; x_wconf 91' lang='lat' dir='ltr'><strong>qui</strong></span> <span class='ocrx_word' id='word_1_90' title='bbox 1183 1023 1398 1065; x_wconf 85' lang='lat' dir='ltr'><strong>Hebraeis</strong></span> <span class='ocrx_word' id='word_1_91' title='bbox 1429 1030 1543 1066; x_wconf 87' lang='lat' dir='ltr'><strong>certe</strong></span> <span class='ocrx_word' id='word_1_92' title='bbox 1573 1024 1753 1079; x_wconf 86' lang='lat' dir='ltr'><strong>propin-</strong></span> 
     </span>
     <span class='ocr_line' id='line_1_13' title="bbox 211 1095 1025 1149; baseline -0.001 -12"><span class='ocrx_word' id='word_1_93' title='bbox 211 1096 380 1149; x_wconf 85' lang='lat' dir='ltr'><strong>quiores</strong></span> <span class='ocrx_word' id='word_1_94' title='bbox 411 1102 514 1136; x_wconf 88' lang='lat' dir='ltr'><strong>sunt</strong></span> <span class='ocrx_word' id='word_1_95' title='bbox 544 1109 672 1149; x_wconf 90' lang='lat' dir='ltr'><strong>quam</strong></span> <span class='ocrx_word' id='word_1_96' title='bbox 703 1095 1025 1149; x_wconf 88' lang='lat' dir='ltr'><strong>Indogermani.</strong></span> 
     </span>
    </p>
   </div>
   <div class='ocr_carea' id='block_1_3' title="bbox 206 1168 1757 2159">
    <p class='ocr_par' dir='ltr' id='par_1_3' title="bbox 206 1168 1757 2159">
     <span class='ocr_line' id='line_1_14' title="bbox 323 1168 1755 1229; baseline 0.001 -15"><span class='ocrx_word' id='word_1_97' title='bbox 323 1174 552 1215; x_wconf 88' lang='lat' dir='ltr'><strong>Praeterea</strong></span> <span class='ocrx_word' id='word_1_98' title='bbox 581 1187 723 1227; x_wconf 89' lang='lat' dir='ltr'><strong>neque</strong></span> <span class='ocrx_word' id='word_1_99' title='bbox 756 1170 930 1229; x_wconf 78' lang='grc' dir='ltr'><em>Κρόνος</em></span> <span class='ocrx_word' id='word_1_100' title='bbox 961 1173 1227 1215; x_wconf 86' lang='lat' dir='ltr'><strong>Graecorum</strong></span> <span class='ocrx_word' id='word_1_101' title='bbox 1256 1186 1399 1226; x_wconf 89' lang='lat' dir='ltr'><strong>neque</strong></span> <span class='ocrx_word' id='word_1_102' title='bbox 1430 1168 1643 1215; x_wconf 76' lang='lat' dir='ltr'><strong>Saturnus</strong></span> <span class='ocrx_word' id='word_1_103' title='bbox 1663 1173 1755 1215; x_wconf 83' lang='lat' dir='ltr'><strong>Ro-</strong></span> 
     </span>
     <span class='ocr_line' id='line_1_15' title="bbox 211 1243 1756 1301; baseline -0.001 -14"><span class='ocrx_word' id='word_1_104' title='bbox 211 1260 438 1287; x_wconf 91' lang='lat' dir='ltr'><strong>manorum</strong></span> <span class='ocrx_word' id='word_1_105' title='bbox 467 1244 683 1300; x_wconf 88' lang='lat' dir='ltr'><strong>principio</strong></span> <span class='ocrx_word' id='word_1_106' title='bbox 714 1259 812 1296; x_wconf 91' lang='lat' dir='ltr'><strong>cum</strong></span> <span class='ocrx_word' id='word_1_107' title='bbox 842 1244 1016 1299; x_wconf 88' lang='lat' dir='ltr'><strong>planeta</strong></span> <span class='ocrx_word' id='word_1_108' title='bbox 1046 1244 1259 1299; x_wconf 87' lang='lat' dir='ltr'><strong>posterius</strong></span> <span class='ocrx_word' id='word_1_109' title='bbox 1288 1244 1372 1285; x_wconf 92' lang='lat' dir='ltr'><strong>hoc</strong></span> <span class='ocrx_word' id='word_1_110' title='bbox 1400 1244 1577 1285; x_wconf 92' lang='lat' dir='ltr'><strong>nomine</strong></span> <span class='ocrx_word' id='word_1_111' title='bbox 1606 1243 1756 1301; x_wconf 85' lang='lat' dir='ltr'><strong>appel-</strong></span> 
     </span>
     <span class='ocr_line' id='line_1_16' title="bbox 209 1315 1754 1370; baseline -0.001 -11"><span class='ocrx_word' id='word_1_112' title='bbox 209 1317 298 1359; x_wconf 89' lang='lat' dir='ltr'><strong>lato</strong></span> <span class='ocrx_word' id='word_1_113' title='bbox 328 1317 419 1358; x_wconf 91' lang='lat' dir='ltr'><strong>ullo</strong></span> <span class='ocrx_word' id='word_1_114' title='bbox 450 1316 535 1357; x_wconf 88' lang='lat' dir='ltr'><strong>fuit</strong></span> <span class='ocrx_word' id='word_1_115' title='bbox 564 1315 739 1357; x_wconf 89' lang='lat' dir='ltr'><strong>vinculo</strong></span> <span class='ocrx_word' id='word_1_116' title='bbox 782 1315 1055 1370; x_wconf 86' lang='lat' dir='ltr'><strong>conjunctus.</strong></span> <span class='ocrx_word' id='word_1_117' title='bbox 1117 1315 1323 1357; x_wconf 88' lang='lat' dir='ltr'><strong>Planetae</strong></span> <span class='ocrx_word' id='word_1_118' title='bbox 1366 1315 1483 1357; x_wconf 91' lang='lat' dir='ltr'><strong>enim</strong></span> <span class='ocrx_word' id='word_1_119' title='bbox 1519 1330 1545 1356; x_wconf 91' lang='lat' dir='ltr'><strong>a</strong></span> <span class='ocrx_word' id='word_1_120' title='bbox 1575 1315 1754 1358; x_wconf 85' lang='lat' dir='ltr'><strong>Graecis</strong></span> 
     </span>
     <span class='ocr_line' id='line_1_17' title="bbox 209 1385 1750 1446; baseline -0.001 -16"><span class='ocrx_word' id='word_1_121' title='bbox 209 1390 348 1444; x_wconf 88' lang='lat' dir='ltr'><strong>primo</strong></span> <span class='ocrx_word' id='word_1_122' title='bbox 367 1386 614 1446; x_wconf 81' lang='grc' dir='ltr'><em>φωσφόρος</em></span> <span class='ocrx_word' id='word_1_123' title='bbox 632 1386 849 1444; x_wconf 75' lang='grc' dir='ltr'>(ἕσπερος)</span> <span class='ocrx_word' id='word_1_124' title='bbox 867 1408 922 1423; x_wconf 92' lang='lat'><strong><em>=</em></strong></span> <span class='ocrx_word' id='word_1_125' title='bbox 945 1387 1005 1444; x_wconf 80' lang='grc' dir='ltr'><strong>ῼ,</strong></span> <span class='ocrx_word' id='word_1_126' title='bbox 1034 1388 1226 1442; x_wconf 78' lang='grc' dir='ltr'><em>στίλβων</em></span> <span class='ocrx_word' id='word_1_127' title='bbox 1246 1407 1300 1423; x_wconf 91' lang='lat'>=</span> <span class='ocrx_word' id='word_1_128' title='bbox 1323 1386 1383 1443; x_wconf 67' lang='grc' dir='ltr'><strong>ζῤ,</strong></span> <span class='ocrx_word' id='word_1_129' title='bbox 1408 1385 1664 1444; x_wconf 61' lang='grc' dir='ltr'><em>πυρόειςε</em></span> <span class='ocrx_word' id='word_1_130' title='bbox 1681 1388 1750 1442; x_wconf 59' lang='lat'><strong>(5,</strong></span> 
     </span>
     <span class='ocr_line' id='line_1_18' title="bbox 212 1459 1754 1517; baseline -0.001 -15"><span class='ocrx_word' id='word_1_131' title='bbox 212 1463 405 1517; x_wconf 77' lang='grc' dir='ltr'><em>φαέθων</em></span> <span class='ocrx_word' id='word_1_132' title='bbox 425 1480 480 1495; x_wconf 68' lang='lat' dir='ltr'><strong><em>z</em></strong></span> <span class='ocrx_word' id='word_1_133' title='bbox 499 1459 566 1516; x_wconf 59' lang='lat' dir='ltr'><strong>Q,</strong></span> <span class='ocrx_word' id='word_1_134' title='bbox 611 1461 788 1516; x_wconf 86' lang='grc' dir='ltr'><em>φαίνων</em></span> <span class='ocrx_word' id='word_1_135' title='bbox 817 1479 872 1494; x_wconf 93' lang='lat'><strong><em>=</em></strong></span> <span class='ocrx_word' id='word_1_136' title='bbox 898 1459 941 1515; x_wconf 63' lang='lat' dir='ltr'>b</span> <span class='ocrx_word' id='word_1_137' title='bbox 977 1459 1336 1501; x_wconf 82' lang='lat' dir='ltr'><strong>nominabantur:</strong></span> <span class='ocrx_word' id='word_1_138' title='bbox 1378 1464 1549 1513; x_wconf 88' lang='lat' dir='ltr'><strong>postero</strong></span> <span class='ocrx_word' id='word_1_139' title='bbox 1579 1459 1754 1500; x_wconf 91' lang='lat' dir='ltr'><strong>demum</strong></span> 
     </span>
     <span class='ocr_line' id='line_1_19' title="bbox 211 1527 1755 1588; baseline -0.001 -14"><span class='ocrx_word' id='word_1_140' title='bbox 211 1540 416 1588; x_wconf 81' lang='lat' dir='ltr'><strong>tempore,</strong></span> <span class='ocrx_word' id='word_1_141' title='bbox 448 1538 677 1586; x_wconf 88' lang='lat' dir='ltr'><strong>postquam</strong></span> <span class='ocrx_word' id='word_1_142' title='bbox 698 1531 880 1572; x_wconf 83' lang='lat' dir='ltr'><strong>Plato¹</strong></span> <span class='ocrx_word' id='word_1_143' title='bbox 913 1531 1047 1573; x_wconf 90' lang='lat' dir='ltr'><strong>semel</strong></span> <span class='ocrx_word' id='word_1_144' title='bbox 1066 1530 1273 1573; x_wconf 88' lang='lat' dir='ltr'><strong>Mercurii</strong></span> <span class='ocrx_word' id='word_1_145' title='bbox 1292 1530 1512 1586; x_wconf 86' lang='lat' dir='ltr'><strong>planetam</strong></span> <span class='ocrx_word' id='word_1_146' title='bbox 1532 1528 1612 1574; x_wconf 84' lang='grc' dir='ltr'><strong>τὸν</strong></span> <span class='ocrx_word' id='word_1_147' title='bbox 1634 1527 1755 1586; x_wconf 81' lang='grc' dir='ltr'><em>ἱερὸν</em></span> 
     </span>
     <span class='ocr_line' id='line_1_20' title="bbox 206 1600 1753 1660; baseline -0.002 -14"><span class='ocrx_word' id='word_1_148' title='bbox 206 1600 368 1660; x_wconf 81' lang='grc' dir='ltr'><em>Ἑρμοῦ</em></span> <span class='ocrx_word' id='word_1_149' title='bbox 388 1601 629 1659; x_wconf 77' lang='grc' dir='ltr'><em>λεγόμενον</em></span> <span class='ocrx_word' id='word_1_150' title='bbox 650 1603 831 1655; x_wconf 82' lang='lat' dir='ltr'><strong>dixerat,</strong></span> <span class='ocrx_word' id='word_1_151' title='bbox 855 1603 972 1657; x_wconf 89' lang='lat' dir='ltr'><strong>apud</strong></span> <span class='ocrx_word' id='word_1_152' title='bbox 992 1602 1393 1644; x_wconf 79' lang='lat' dir='ltr'><strong>Aristotelem²</strong></span> <span class='ocrx_word' id='word_1_153' title='bbox 1413 1602 1603 1657; x_wconf 89' lang='lat' dir='ltr'><strong>primum</strong></span> <span class='ocrx_word' id='word_1_154' title='bbox 1623 1601 1753 1643; x_wconf 86' lang='lat' dir='ltr'><strong>ceteri</strong></span> 
     </span>
     <span class='ocr_line' id='line_1_21' title="bbox 211 1673 1754 1731; baseline -0.002 -14"><span class='ocrx_word' id='word_1_155' title='bbox 211 1676 410 1731; x_wconf 90' lang='lat' dir='ltr'><strong>planetae</strong></span> <span class='ocrx_word' id='word_1_156' title='bbox 451 1676 629 1716; x_wconf 85' lang='lat' dir='ltr'><strong>deorum</strong></span> <span class='ocrx_word' id='word_1_157' title='bbox 658 1675 910 1717; x_wconf 90' lang='lat' dir='ltr'><strong>nominibus</strong></span> <span class='ocrx_word' id='word_1_158' title='bbox 939 1674 1182 1729; x_wconf 91' lang='lat' dir='ltr'><strong>nuncupati</strong></span> <span class='ocrx_word' id='word_1_159' title='bbox 1218 1673 1518 1727; x_wconf 77' lang='lat' dir='ltr'><strong>inveniuntur,</strong></span> <span class='ocrx_word' id='word_1_160' title='bbox 1561 1673 1665 1714; x_wconf 89' lang='lat' dir='ltr'><strong>inde</strong></span> <span class='ocrx_word' id='word_1_161' title='bbox 1704 1687 1754 1714; x_wconf 88' lang='lat' dir='ltr'><strong>ea</strong></span> 
     </span>
     <span class='ocr_line' id='line_1_22' title="bbox 212 1744 1755 1800; baseline -0.003 -12"><span class='ocrx_word' id='word_1_162' title='bbox 212 1748 390 1790; x_wconf 90' lang='lat' dir='ltr'><strong>nomina</strong></span> <span class='ocrx_word' id='word_1_163' title='bbox 431 1761 703 1788; x_wconf 89' lang='lat' dir='ltr'><strong>communem</strong></span> <span class='ocrx_word' id='word_1_164' title='bbox 744 1747 792 1787; x_wconf 92' lang='lat' dir='ltr'><strong>in</strong></span> <span class='ocrx_word' id='word_1_165' title='bbox 829 1761 958 1788; x_wconf 89' lang='lat' dir='ltr'><strong>usum</strong></span> <span class='ocrx_word' id='word_1_166' title='bbox 997 1752 1211 1787; x_wconf 86' lang='lat' dir='ltr'><strong>venerunt</strong></span> <span class='ocrx_word' id='word_1_167' title='bbox 1225 1748 1255 1788; x_wconf 81' lang='grc'><strong>3.</strong></span> <span class='ocrx_word' id='word_1_168' title='bbox 1317 1747 1461 1800; x_wconf 90' lang='lat' dir='ltr'><strong>Atque</strong></span> <span class='ocrx_word' id='word_1_169' title='bbox 1500 1744 1755 1800; x_wconf 87' lang='lat' dir='ltr'><strong>priusquam</strong></span> 
     </span>
     <span class='ocr_line' id='line_1_23' title="bbox 214 1806 1757 1874; baseline -0.003 -12"><span class='ocrx_word' id='word_1_170' title='bbox 214 1819 391 1862; x_wconf 86' lang='lat' dir='ltr'><strong>Saturni</strong></span> <span class='ocrx_word' id='word_1_171' title='bbox 419 1815 622 1874; x_wconf 80' lang='grc' dir='ltr'><em>(Κρόνου)</em></span> <span class='ocrx_word' id='word_1_172' title='bbox 658 1832 819 1859; x_wconf 89' lang='lat' dir='ltr'><strong>nomen</strong></span> <span class='ocrx_word' id='word_1_173' title='bbox 848 1818 1022 1872; x_wconf 88' lang='lat' dir='ltr'><strong>planeta</strong></span> <span class='ocrx_word' id='word_1_174' title='bbox 1052 1817 1262 1872; x_wconf 90' lang='lat' dir='ltr'><strong>septimus</strong></span> <span class='ocrx_word' id='word_1_175' title='bbox 1292 1817 1471 1873; x_wconf 86' lang='lat' dir='ltr'><strong>accepit,</strong></span> <span class='ocrx_word' id='word_1_176' title='bbox 1505 1816 1627 1858; x_wconf 90' lang='lat' dir='ltr'><strong>nulla</strong></span> <span class='ocrx_word' id='word_1_177' title='bbox 1655 1806 1757 1871; x_wconf 85' lang='lat' dir='ltr'><strong>pro-</strong></span> 
     </span>
     <span class='ocr_line' id='line_1_24' title="bbox 212 1886 1755 1944; baseline -0.002 -12"><span class='ocrx_word' id='word_1_178' title='bbox 212 1892 325 1933; x_wconf 87' lang='lat' dir='ltr'><strong>fecto</strong></span> <span class='ocrx_word' id='word_1_179' title='bbox 357 1905 455 1932; x_wconf 92' lang='lat' dir='ltr'><strong>cum</strong></span> <span class='ocrx_word' id='word_1_180' title='bbox 487 1904 536 1931; x_wconf 88' lang='lat' dir='ltr'><strong>eo</strong></span> <span class='ocrx_word' id='word_1_181' title='bbox 567 1889 721 1931; x_wconf 87' lang='lat' dir='ltr'><strong>aetatis</strong></span> <span class='ocrx_word' id='word_1_182' title='bbox 751 1889 1008 1944; x_wconf 87' lang='lat' dir='ltr'><strong>praeteritae</strong></span> <span class='ocrx_word' id='word_1_183' title='bbox 1038 1888 1244 1930; x_wconf 86' lang='lat' dir='ltr'><strong>felicioris</strong></span> <span class='ocrx_word' id='word_1_184' title='bbox 1283 1888 1491 1930; x_wconf 86' lang='lat' dir='ltr'><strong>memoria</strong></span> <span class='ocrx_word' id='word_1_185' title='bbox 1528 1887 1615 1929; x_wconf 84' lang='lat' dir='ltr'><strong>fuit</strong></span> <span class='ocrx_word' id='word_1_186' title='bbox 1652 1886 1755 1929; x_wconf 88' lang='lat' dir='ltr'><strong>con-</strong></span> 
     </span>
     <span class='ocr_line' id='line_1_25' title="bbox 208 1958 1755 2018; baseline -0.004 -13"><span class='ocrx_word' id='word_1_187' title='bbox 208 1963 376 2018; x_wconf 88' lang='lat' dir='ltr'><strong>juncta.</strong></span> <span class='ocrx_word' id='word_1_188' title='bbox 451 1961 660 2006; x_wconf 85' lang='lat' dir='ltr'><strong>Quinimo</strong></span> <span class='ocrx_word' id='word_1_189' title='bbox 702 1961 831 2003; x_wconf 88' lang='lat' dir='ltr'><strong>etiam</strong></span> <span class='ocrx_word' id='word_1_190' title='bbox 868 1960 1103 2016; x_wconf 89' lang='lat' dir='ltr'><strong>posteriore</strong></span> <span class='ocrx_word' id='word_1_191' title='bbox 1142 1966 1334 2015; x_wconf 87' lang='lat' dir='ltr'><strong>tempore</strong></span> <span class='ocrx_word' id='word_1_192' title='bbox 1374 1974 1543 2015; x_wconf 87' lang='lat' dir='ltr'><strong>semper</strong></span> <span class='ocrx_word' id='word_1_193' title='bbox 1579 1958 1755 2000; x_wconf 86' lang='lat' dir='ltr'><strong>habitus</strong></span> 
     </span>
     <span class='ocr_line' id='line_1_26' title="bbox 215 2031 1756 2087; baseline -0.003 -10"><span class='ocrx_word' id='word_1_194' title='bbox 215 2043 281 2077; x_wconf 90' lang='lat' dir='ltr'><strong>est</strong></span> <span class='ocrx_word' id='word_1_195' title='bbox 311 2035 431 2076; x_wconf 90' lang='lat' dir='ltr'><strong>sidus</strong></span> <span class='ocrx_word' id='word_1_196' title='bbox 462 2033 775 2086; x_wconf 74' lang='lat' dir='ltr'><strong>tristissimum,</strong></span> <span class='ocrx_word' id='word_1_197' title='bbox 809 2033 991 2087; x_wconf 90' lang='lat' dir='ltr'><strong>ideoque</strong></span> <span class='ocrx_word' id='word_1_198' title='bbox 1023 2032 1114 2074; x_wconf 90' lang='lat' dir='ltr'><strong>dies</strong></span> <span class='ocrx_word' id='word_1_199' title='bbox 1146 2031 1239 2087; x_wconf 89' lang='lat' dir='ltr'><strong>ejus</strong></span> <span class='ocrx_word' id='word_1_200' title='bbox 1269 2033 1325 2073; x_wconf 90' lang='lat' dir='ltr'><strong>ad</strong></span> <span class='ocrx_word' id='word_1_201' title='bbox 1354 2032 1608 2074; x_wconf 85' lang='lat' dir='ltr'><strong>servandam</strong></span> <span class='ocrx_word' id='word_1_202' title='bbox 1637 2037 1756 2072; x_wconf 87' lang='lat' dir='ltr'><strong>aeta-</strong></span> 
     </span>
     <span class='ocr_line' id='line_1_27' title="bbox 214 2104 1323 2159; baseline -0.001 -14"><span class='ocrx_word' id='word_1_203' title='bbox 214 2104 271 2146; x_wconf 89' lang='lat' dir='ltr'><strong>tis</strong></span> <span class='ocrx_word' id='word_1_204' title='bbox 302 2119 456 2146; x_wconf 89' lang='lat' dir='ltr'><strong>aureae</strong></span> <span class='ocrx_word' id='word_1_205' title='bbox 486 2105 828 2147; x_wconf 87' lang='lat' dir='ltr'><strong>recordationem</strong></span> <span class='ocrx_word' id='word_1_206' title='bbox 857 2104 1038 2146; x_wconf 90' lang='lat' dir='ltr'><strong>minime</strong></span> <span class='ocrx_word' id='word_1_207' title='bbox 1068 2110 1194 2159; x_wconf 88' lang='lat' dir='ltr'><strong>aptus</strong></span> <span class='ocrx_word' id='word_1_208' title='bbox 1225 2104 1323 2145; x_wconf 88' lang='lat' dir='ltr'><strong>fuit.</strong></span> 
     </span>
    </p>
   </div>
   <div class='ocr_carea' id='block_1_4' title="bbox 215 2185 1757 2672">
    <p class='ocr_par' dir='ltr' id='par_1_4' title="bbox 215 2185 1757 2672">
     <span class='ocr_line' id='line_1_28' title="bbox 329 2185 1755 2243; baseline -0.001 -14"><span class='ocrx_word' id='word_1_209' title='bbox 329 2189 469 2229; x_wconf 87' lang='lat' dir='ltr'><strong>Ferd.</strong></span> <span class='ocrx_word' id='word_1_210' title='bbox 487 2191 523 2229; x_wconf 88' lang='lat' dir='ltr'>B</span> <span class='ocrx_word' id='word_1_211' title='bbox 536 2204 560 2230; x_wconf 94' lang='lat' dir='ltr'><strong>a</strong></span> <span class='ocrx_word' id='word_1_212' title='bbox 571 2203 631 2229; x_wconf 95' lang='lat' dir='ltr'><strong>ur</strong></span> <span class='ocrx_word' id='word_1_213' title='bbox 649 2189 884 2230; x_wconf 85' lang='lat' dir='ltr'><strong>Saturnum</strong></span> <span class='ocrx_word' id='word_1_214' title='bbox 899 2188 1117 2243; x_wconf 88' lang='lat' dir='ltr'><strong>planetam</strong></span> <span class='ocrx_word' id='word_1_215' title='bbox 1133 2186 1302 2229; x_wconf 90' lang='lat' dir='ltr'><strong>censuit</strong></span> <span class='ocrx_word' id='word_1_216' title='bbox 1316 2185 1476 2227; x_wconf 86' lang='lat' dir='ltr'><strong>idcirco</strong></span> <span class='ocrx_word' id='word_1_217' title='bbox 1493 2185 1572 2227; x_wconf 95' lang='lat' dir='ltr'><strong>otii</strong></span> <span class='ocrx_word' id='word_1_218' title='bbox 1587 2185 1755 2227; x_wconf 88' lang='lat' dir='ltr'><strong>stellam</strong></span> 
     </span>
     <span class='ocr_line' id='line_1_29' title="bbox 215 2257 1756 2315; baseline -0.001 -15"><span class='ocrx_word' id='word_1_219' title='bbox 215 2259 364 2313; x_wconf 70' lang='lat' dir='ltr'><strong>fuisse7</strong></span> <span class='ocrx_word' id='word_1_220' title='bbox 391 2261 506 2314; x_wconf 92' lang='lat' dir='ltr'><strong>quod</strong></span> <span class='ocrx_word' id='word_1_221' title='bbox 527 2260 564 2301; x_wconf 93' lang='lat' dir='ltr'><strong>is</strong></span> <span class='ocrx_word' id='word_1_222' title='bbox 585 2260 699 2301; x_wconf 89' lang='lat' dir='ltr'><strong>inter</strong></span> <span class='ocrx_word' id='word_1_223' title='bbox 718 2260 913 2315; x_wconf 88' lang='lat' dir='ltr'><strong>planetas</strong></span> <span class='ocrx_word' id='word_1_224' title='bbox 928 2258 1179 2314; x_wconf 84' lang='lat' dir='ltr'><strong>longissime</strong></span> <span class='ocrx_word' id='word_1_225' title='bbox 1196 2258 1360 2300; x_wconf 90' lang='lat' dir='ltr'><strong>distans</strong></span> <span class='ocrx_word' id='word_1_226' title='bbox 1377 2272 1401 2298; x_wconf 90' lang='lat' dir='ltr'><strong>a</strong></span> <span class='ocrx_word' id='word_1_227' title='bbox 1416 2264 1528 2298; x_wconf 86' lang='lat' dir='ltr'><strong>terra</strong></span> <span class='ocrx_word' id='word_1_228' title='bbox 1541 2257 1756 2300; x_wconf 87' lang='lat' dir='ltr'><strong>sideribus</strong></span> 
     </span>
     <span class='ocr_line' id='line_1_30' title="bbox 216 2328 1756 2385; baseline -0.001 -12"><span class='ocrx_word' id='word_1_229' title='bbox 216 2331 344 2373; x_wconf 81' lang='lat' dir='ltr'><strong>certis</strong></span> <span class='ocrx_word' id='word_1_230' title='bbox 374 2331 481 2373; x_wconf 89' lang='lat' dir='ltr'><strong>locis</strong></span> <span class='ocrx_word' id='word_1_231' title='bbox 511 2331 658 2372; x_wconf 81' lang='lat' dir='ltr'><strong>infixis</strong></span> <span class='ocrx_word' id='word_1_232' title='bbox 689 2331 758 2372; x_wconf 89' lang='lat' dir='ltr'><strong>vel</strong></span> <span class='ocrx_word' id='word_1_233' title='bbox 798 2331 916 2372; x_wconf 92' lang='lat' dir='ltr'><strong>coelo</strong></span> <span class='ocrx_word' id='word_1_234' title='bbox 957 2330 1042 2385; x_wconf 91' lang='lat' dir='ltr'><strong>ipsi</strong></span> <span class='ocrx_word' id='word_1_235' title='bbox 1085 2336 1197 2371; x_wconf 90' lang='lat' dir='ltr'><strong>esset</strong></span> <span class='ocrx_word' id='word_1_236' title='bbox 1235 2328 1457 2384; x_wconf 82' lang='lat' dir='ltr'><strong>proximus</strong></span> <span class='ocrx_word' id='word_1_237' title='bbox 1497 2343 1547 2370; x_wconf 91' lang='lat' dir='ltr'><strong>ac</strong></span> <span class='ocrx_word' id='word_1_238' title='bbox 1586 2329 1756 2371; x_wconf 88' lang='lat' dir='ltr'><strong>medius</strong></span> 
     </span>
     <span class='ocr_line' id='line_1_31' title="bbox 217 2399 1756 2457; baseline -0.001 -14"><span class='ocrx_word' id='word_1_239' title='bbox 217 2403 333 2444; x_wconf 89' lang='lat' dir='ltr'><strong>inter</strong></span> <span class='ocrx_word' id='word_1_240' title='bbox 362 2404 471 2444; x_wconf 88' lang='lat' dir='ltr'><strong>fines</strong></span> <span class='ocrx_word' id='word_1_241' title='bbox 502 2417 645 2443; x_wconf 91' lang='lat' dir='ltr'><strong>rerum</strong></span> <span class='ocrx_word' id='word_1_242' title='bbox 675 2409 797 2444; x_wconf 87' lang='lat' dir='ltr'><strong>motu</strong></span> <span class='ocrx_word' id='word_1_243' title='bbox 826 2409 1034 2457; x_wconf 88' lang='lat' dir='ltr'><strong>perpetuo</strong></span> <span class='ocrx_word' id='word_1_244' title='bbox 1065 2401 1325 2456; x_wconf 87' lang='lat' dir='ltr'><strong>agitatarum</strong></span> <span class='ocrx_word' id='word_1_245' title='bbox 1356 2407 1399 2442; x_wconf 91' lang='lat' dir='ltr'><strong>et</strong></span> <span class='ocrx_word' id='word_1_246' title='bbox 1427 2415 1572 2442; x_wconf 87' lang='lat' dir='ltr'><strong>rerum</strong></span> <span class='ocrx_word' id='word_1_247' title='bbox 1600 2399 1756 2442; x_wconf 87' lang='lat' dir='ltr'><strong>immo-</strong></span> 
     </span>
     <span class='ocr_line' id='line_1_32' title="bbox 215 2472 1756 2528; baseline -0.002 -13"><span class='ocrx_word' id='word_1_248' title='bbox 215 2474 372 2515; x_wconf 89' lang='lat' dir='ltr'><strong>bilium</strong></span> <span class='ocrx_word' id='word_1_249' title='bbox 403 2474 450 2514; x_wconf 91' lang='lat' dir='ltr'><strong>in</strong></span> <span class='ocrx_word' id='word_1_250' title='bbox 479 2481 654 2515; x_wconf 87' lang='lat' dir='ltr'><strong>aeterna</strong></span> <span class='ocrx_word' id='word_1_251' title='bbox 683 2474 998 2527; x_wconf 88' lang='lat' dir='ltr'><strong>tranquillitate</strong></span> <span class='ocrx_word' id='word_1_252' title='bbox 1027 2472 1390 2528; x_wconf 86' lang='lat' dir='ltr'><strong>permanentium,</strong></span> <span class='ocrx_word' id='word_1_253' title='bbox 1425 2487 1554 2526; x_wconf 91' lang='lat' dir='ltr'><strong>quam</strong></span> <span class='ocrx_word' id='word_1_254' title='bbox 1583 2473 1638 2513; x_wconf 94' lang='lat' dir='ltr'><strong>ob</strong></span> <span class='ocrx_word' id='word_1_255' title='bbox 1663 2485 1756 2512; x_wconf 88' lang='lat' dir='ltr'><strong>rem</strong></span> 
     </span>
     <span class='ocr_line' id='line_1_33' title="bbox 216 2541 1757 2601; baseline -0.003 -14"><span class='ocrx_word' id='word_1_256' title='bbox 216 2547 333 2601; x_wconf 90' lang='lat' dir='ltr'><strong>apud</strong></span> <span class='ocrx_word' id='word_1_257' title='bbox 364 2560 463 2587; x_wconf 90' lang='lat' dir='ltr'><strong>eum</strong></span> <span class='ocrx_word' id='word_1_258' title='bbox 494 2545 617 2600; x_wconf 90' lang='lat' dir='ltr'><strong>quasi</strong></span> <span class='ocrx_word' id='word_1_259' title='bbox 647 2545 791 2587; x_wconf 87' lang='lat' dir='ltr'><strong>aditus</strong></span> <span class='ocrx_word' id='word_1_260' title='bbox 822 2553 933 2587; x_wconf 88' lang='lat' dir='ltr'><strong>esset</strong></span> <span class='ocrx_word' id='word_1_261' title='bbox 963 2545 1072 2587; x_wconf 83' lang='lat' dir='ltr'><strong>arcis</strong></span> <span class='ocrx_word' id='word_1_262' title='bbox 1102 2543 1313 2587; x_wconf 81' lang='lat' dir='ltr'><strong>coelestis,</strong></span> <span class='ocrx_word' id='word_1_263' title='bbox 1365 2544 1425 2585; x_wconf 93' lang='lat' dir='ltr'><strong>At</strong></span> <span class='ocrx_word' id='word_1_264' title='bbox 1453 2543 1560 2585; x_wconf 90' lang='lat' dir='ltr'><strong>haec</strong></span> <span class='ocrx_word' id='word_1_265' title='bbox 1588 2541 1757 2585; x_wconf 88' lang='lat' dir='ltr'><strong>Bauri</strong></span> 
     </span>
     <span class='ocr_line' id='line_1_34' title="bbox 217 2614 1753 2672; baseline -0.003 -13"><span class='ocrx_word' id='word_1_266' title='bbox 217 2618 363 2672; x_wconf 85' lang='lat' dir='ltr'><strong>potius</strong></span> <span class='ocrx_word' id='word_1_267' title='bbox 395 2617 612 2659; x_wconf 90' lang='lat' dir='ltr'><strong>sententia</strong></span> <span class='ocrx_word' id='word_1_268' title='bbox 649 2631 742 2659; x_wconf 87' lang='lat' dir='ltr'><strong>esse</strong></span> <span class='ocrx_word' id='word_1_269' title='bbox 781 2617 954 2659; x_wconf 89' lang='lat' dir='ltr'><strong>videtur</strong></span> <span class='ocrx_word' id='word_1_270' title='bbox 994 2631 1122 2671; x_wconf 91' lang='lat' dir='ltr'><strong>quam</strong></span> <span class='ocrx_word' id='word_1_271' title='bbox 1162 2615 1419 2671; x_wconf 92' lang='lat' dir='ltr'><strong>populorum</strong></span> <span class='ocrx_word' id='word_1_272' title='bbox 1460 2614 1753 2670; x_wconf 86' lang='lat' dir='ltr'><strong>antiquorum,</strong></span> 
     </span>
    </p>
   </div>
   <div class='ocr_carea' id='block_1_5' title="bbox 218 2723 490 2727">
    <p class='ocr_par' dir='ltr' id='par_1_5' title="bbox 218 2723 490 2727">
     <span class='ocr_line' id='line_1_35' title="bbox 218 2723 490 2727; baseline 0 0"><span class='ocrx_word' id='word_1_273' title='bbox 218 2723 490 2727; x_wconf 95' lang='lat' dir='ltr'><strong> </strong></span> 
     </span>
    </p>
   </div>
   <div class='ocr_carea' id='block_1_6' title="bbox 312 2775 1434 2880">
    <p class='ocr_par' dir='ltr' id='par_1_6' title="bbox 312 2775 1434 2880">
     <span class='ocr_line' id='line_1_36' title="bbox 313 2775 1434 2823; baseline -0.001 -13"><span class='ocrx_word' id='word_1_274' title='bbox 313 2779 342 2820; x_wconf 91' lang='lat'><strong>1)</strong></span> <span class='ocrx_word' id='word_1_275' title='bbox 371 2777 542 2812; x_wconf 82' lang='lat' dir='ltr'><strong>Timaeus</strong></span> <span class='ocrx_word' id='word_1_276' title='bbox 565 2789 648 2823; x_wconf 88' lang='lat' dir='ltr'><strong>pag.</strong></span> <span class='ocrx_word' id='word_1_277' title='bbox 669 2778 735 2812; x_wconf 87' lang='lat'><strong>319</strong></span> <span class='ocrx_word' id='word_1_278' title='bbox 760 2777 815 2812; x_wconf 88' lang='lat' dir='ltr'><strong>ed.</strong></span> <span class='ocrx_word' id='word_1_279' title='bbox 840 2776 920 2822; x_wconf 88' lang='lat' dir='ltr'><strong>Bip.</strong></span> <span class='ocrx_word' id='word_1_280' title='bbox 1061 2778 1092 2820; x_wconf 86' lang='lat'><strong>2)</strong></span> <span class='ocrx_word' id='word_1_281' title='bbox 1117 2775 1278 2821; x_wconf 84' lang='lat' dir='ltr'><strong>Metaph.</strong></span> <span class='ocrx_word' id='word_1_282' title='bbox 1305 2775 1379 2810; x_wconf 91' lang='lat' dir='ltr'><strong>XII</strong></span> <span class='ocrx_word' id='word_1_283' title='bbox 1404 2777 1434 2810; x_wconf 89' lang='grc'><strong>8.</strong></span> 
     </span>
     <span class='ocr_line' id='line_1_37' title="bbox 312 2833 1130 2880; baseline 0.001 -14"><span class='ocrx_word' id='word_1_284' title='bbox 312 2836 344 2876; x_wconf 92' lang='grc'><strong>3)</strong></span> <span class='ocrx_word' id='word_1_285' title='bbox 371 2835 414 2868; x_wconf 87' lang='grc' dir='ltr'><strong>Ε.</strong></span> <span class='ocrx_word' id='word_1_286' title='bbox 433 2845 460 2868; x_wconf 90' lang='lat' dir='ltr'><strong>c.</strong></span> <span class='ocrx_word' id='word_1_287' title='bbox 486 2835 582 2880; x_wconf 85' lang='lat' dir='ltr'><strong>apud</strong></span> <span class='ocrx_word' id='word_1_288' title='bbox 606 2834 898 2875; x_wconf 87' lang='lat' dir='ltr'><strong>Eratosthenem,</strong></span> <span class='ocrx_word' id='word_1_289' title='bbox 927 2833 1130 2869; x_wconf 87' lang='lat' dir='ltr'><strong>Geminum.</strong></span> 
     </span>
    </p>
   </div>
  </div>
 </body>
</html>
