1904 3216
842 195 1126 235 -76-

213 305 385 347 saeculo
416 313 565 348 octavo
596 307 773 347 sabbata
805 313 853 347 ut
884 306 973 348 dies
1012 306 1170 360 quietis
1201 306 1433 362 diligenter
1473 322 1566 351 esse
1606 309 1751 350 obser-

213 382 325 418 vata.
378 377 492 418 Nam
523 390 657 430 quum
688 376 994 418 commercium
1025 377 1396 430 intermitteretur,
1432 379 1622 434 profecto
1653 378 1750 421 aliis

213 461 383 502 quoque
412 446 630 488 laboribus
661 454 705 488 et
734 447 920 489 maxime
951 462 1076 503 opere
1107 448 1266 504 agresti
1286 449 1501 491 abstinere
1531 450 1595 491 fas
1623 457 1752 505 puta-

212 519 353 560 batur.
418 519 537 559 Num
566 518 662 573 lege
693 518 894 560 omnibus
923 526 1026 561 nota
1057 527 1100 562 et
1128 521 1304 575 probata
1342 520 1462 574 quies
1497 520 1629 563 fuerit
1666 520 1750 562 im-

212 595 372 643 perata,
408 603 498 630 non
529 589 654 630 docet
683 588 758 630 ille
781 590 956 643 quidem
975 590 1109 644 locus,
1144 591 1220 632 sed
1239 605 1332 633 mos
1354 598 1467 633 certe
1488 605 1583 633 eam
1601 598 1751 647 postu-

211 659 344 711 labat,
377 673 505 713 quem
534 660 703 701 nemini
733 659 891 702 licebat
918 661 1162 717 neglegere.
1217 663 1359 706 Quam
1386 663 1439 704 ob
1468 676 1560 704 rem
1576 676 1753 715 *merca-

213 737 325 772 tores
356 730 472 772 avari
502 731 635 772 finem
664 731 832 774 sabbati
863 732 1131 785 desiderant,
1165 740 1215 775 ut
1235 734 1300 775 'ad
1328 734 1523 789 negotia,
1571 747 1752 787 quorum

212 801 382 843 lucrum
411 801 563 844 fraude
595 802 754 844 callent
783 818 956 858 augere,
989 804 1147 845 reverti
1175 804 1357 859 possint.

328 874 375 914 H
385 887 409 914 o
418 887 438 915 s
448 887 470 914 e
480 888 504 914 a
513 888 535 915 e
566 888 637 915 ore
667 874 718 928 (2,
751 874 814 929 13)
841 875 961 916 Deus
981 875 1156 930 populo,
1192 890 1320 929 quem
1350 882 1462 918 terra
1492 891 1570 918 sua
1600 875 1754 931 expul-

215 958 312 985 sum
360 943 416 985 iri
464 944 744 999 praenuntiat
759 978 767 998 ‚
816 945 878 988 sic
921 945 1112 988 minatur
1127 963 1134 988 :
1192 946 1228 988 E
1240 953 1258 988 t
1308 953 1325 988 t
1335 961 1358 988 o
1370 946 1499 989 llam
1547 961 1571 990 o
1580 961 1664 988 mn
1675 961 1698 989 e
1709 961 1754 988 m

213 1015 557 1071 voluptatem
589 1016 719 1072 ejus,
757 1016 897 1058 diem
927 1017 1134 1059 festum
1164 1025 1216 1060 et
1253 1032 1445 1060 novam
1482 1015 1673 1060 lunam'
1703 1024 1755 1060 et

215 1088 502 1129 sabbatum
548 1094 598 1129 et
642 1095 842 1130 cuncta
894 1088 940 1143 ej
954 1103 1013 1131 us
1067 1089 1376 1132 sollemnia.
1457 1090 1579 1134 Quae
1624 1089 1754 1131 verba

214 1158 405 1201 dilucide
437 1159 607 1215 docent,
642 1161 818 1201 sabbata
847 1174 938 1202 non
967 1160 1101 1203 fuisse
1133 1161 1224 1203 dies
1255 1161 1413 1213 tristes,
1446 1174 1588 1214 neque
1618 1158 1756 1202 otium

214 1229 266 1271 iis
298 1230 495 1272 debitum
525 1229 798 1286 prohibuisse
828 1231 1092 1274 hilaritatem
1120 1232 1349 1274 hominum
1379 1247 1429 1274 ac
1457 1230 1752 1284 festivitatem,

214 1308 259 1343 at
287 1316 377 1343 non
408 1301 706 1344 demonstrant
734 1304 912 1345 sabbata
951 1303 1012 1345 ita
1047 1303 1128 1345 soli
1163 1303 1354 1346 laetitiae
1394 1302 1565 1345 addicta
1603 1301 1753 1355 fuisse,

214 1380 263 1415 ut
291 1387 383 1414 non
412 1372 629 1415 abstinere
661 1387 831 1428 quoque
860 1374 1007 1416 labore
1036 1374 1106 1417 his
1138 1375 1290 1417 diebus
1321 1389 1346 1417 0
1355 1373 1569 1417 fficium
1599 1380 1725 1416 esset.

329 1445 357 1485 J
364 1459 445 1486 esa
447 1459 464 1499 J
473 1459 498 1486 a
534 1444 587 1500 (l,
621 1450 683 1487 13.
715 1446 778 1500 14)
818 1445 961 1498 docet,
1002 1448 1231 1488 sabbatum
1268 1446 1402 1488 fuisse
1443 1445 1559 1487 diem
1596 1444 1756 1487 festum

215 1529 306 1558 non
334 1515 565 1571 profanum
594 1516 670 1558 sed
699 1517 726 1558 J
729 1516 889 1558 ehovae
919 1532 1087 1559 sacrum
1117 1517 1184 1558 his
1214 1517 1371 1558 verbis.
1434 1516 1582 1558 Nolit
1591 1530 1614 1557 e
1643 1530 1759 1571 per-

216 1601 242 1642 g
256 1601 343 1628 ere
375 1587 572 1628 donum
602 1586 803 1630 offerre
844 1602 1061 1641 vanum,
1109 1588 1497 1630 suffimentum
1536 1587 1756 1630 foedum

215 1658 355 1700 mihi
386 1666 487 1701 est:
522 1673 662 1700 nova
691 1659 824 1701 luna
862 1666 912 1701 et
943 1661 1253 1712 sabbatum,
1296 1665 1598 1702 conventus
1629 1671 1758 1700 con-

215 1736 439 1772 vocatus
470 1755 525 1761 —
554 1745 658 1772 non
698 1745 911 1786 possum
951 1731 1088 1773 ferre
1126 1731 1477 1786 impietatem
1516 1743 1760 1771 conven-

215 1808 441 1856 tumque
473 1801 812 1843 sollemnem.
874 1802 1006 1844 Dies
1036 1817 1211 1844 novae
1247 1802 1413 1844 lunae
1455 1807 1668 1843 vestros
1707 1806 1760 1842 et

216 1870 447 1915 sabbata
479 1872 598 1915 odit
628 1873 843 1915 animus
873 1888 1047 1927 meus,
1092 1873 1240 1915 facta
1279 1879 1408 1916 sunt
1445 1887 1583 1915 onus
1622 1871 1760 1914 mihi

216 1944 561 2000 impositum,
597 1944 746 1986 ferre
777 1959 855 1986 me
885 1944 1056 2000 piget.
1121 1946 1175 1987 In
1206 1945 1366 2001 templo
1397 1944 1531 2000 igitur
1550 1943 1760 1986 Hieroso-

216 2015 426 2071 lymitano
457 2016 635 2058 sabbato
665 2016 716 2058 fit
745 2023 983 2058 conventus
1022 2016 1227 2060 ecclesiae
1240 2050 1248 2070 ,
1297 2017 1527 2059 sabbatum
1565 2015 1657 2057 dies
1695 2021 1760 2056 est

217 2089 244 2129 J
247 2087 408 2129 ehovae
439 2087 589 2129 festus.
652 2088 787 2129 Haud
817 2088 947 2130 dubie
985 2088 1048 2130 ibi
1078 2088 1395 2139 immolabatur,
1439 2093 1482 2129 et
1511 2093 1624 2129 certe
1653 2085 1761 2128 haec

218 2160 312 2215 ipsa
342 2173 461 2201 sacra
490 2157 710 2201 sabbatica
741 2166 843 2200 sunt
873 2159 931 2213 id,
967 2161 1082 2214 quod
1109 2161 1136 2202 J
1138 2160 1274 2202 ehova
1293 2167 1469 2216 propter
1487 2156 1761 2202 offerentium

217 2230 540 2286 improbitatem
569 2244 659 2272 non
689 2230 875 2286 amplius
905 2230 1001 2272 vult
1031 2231 1239 2287 accipere.
1302 2230 1487 2273 Minime
1525 2244 1625 2272 vero
1658 2228 1762 2270 licet

217 2308 382 2357 putare,
409 2302 437 2343 J
438 2300 523 2356 esaj
528 2316 597 2343 am
627 2301 764 2343 otium
794 2302 1062 2344 sabbaticum
1092 2318 1126 2345 s.
1159 2303 1256 2359 lege
1286 2317 1319 2345 s.
1354 2316 1472 2344 more
1502 2301 1761 2357 imperatum

193 2420 195 2422 ¹
218 2372 415 2428 ignorare
460 2380 535 2414 aut
580 2380 870 2415 contemnere.
948 2375 1005 2416 W
1017 2388 1039 2415 e
1050 2374 1090 2415 ll
1101 2374 1130 2415 h
1142 2389 1166 2416 a
1175 2390 1206 2415 u
1217 2389 1236 2416 s
1249 2389 1271 2416 e
1281 2389 1312 2415 n
1326 2375 1338 2402 ¹
1393 2372 1568 2428 quidem
1611 2371 1735 2427 ponit
1748 2403 1756 2423 ‚

218 2445 245 2485 J
248 2443 332 2499 esaj
338 2458 408 2485 am
436 2443 524 2486 illis
553 2444 694 2486 verbis
728 2444 868 2487 dicere
900 2447 1127 2488 sabbatum
1156 2460 1272 2488 mere
1309 2442 1579 2487 sacrificandi
1618 2442 1734 2485 diem
1748 2457 1755 2483 :

219 2516 379 2558 rectius
409 2515 583 2565 diceret,
627 2516 679 2557 vi
691 2522 750 2558 tu
759 2531 788 2571 p
800 2531 823 2558 e
833 2531 854 2557 r
863 2531 887 2558 a
896 2517 943 2558 ri
982 2518 1209 2559 sabbatum
1248 2532 1273 2558 a
1301 2515 1510 2572 propheta
1549 2515 1762 2557 duntaxat

218 2595 268 2630 ut
289 2587 405 2639 diem
426 2586 711 2629 sacrificandi.
753 2587 918 2638 Otium,
944 2603 1027 2643 quo
1050 2590 1276 2631 sabbatum
1297 2587 1656 2643 distinguendum
1670 2585 1762 2641 jam

221 2665 315 2700 tum
360 2659 572 2700 creditum
617 2673 709 2701 esse
756 2666 925 2701 constat
940 2693 948 2712 ,
997 2674 1172 2702 necesse
1217 2666 1281 2701 est
1328 2659 1356 2700 J
1358 2658 1517 2712 esajam
1567 2657 1736 2699 novisse
1749 2672 1756 2697 :

221 2744 355 2784 quum
384 2745 474 2772 non
504 2729 732 2785 vituperet,
768 2730 1119 2779 existimandum,
1163 2730 1209 2772 id
1239 2729 1323 2785 ipsi
1351 2744 1441 2771 non
1472 2728 1758 2785 displicuisse.

315 2821 342 2862 1)
373 2819 396 2855 l.
423 2819 449 2855 l.
477 2820 591 2855 1118.
