1904 3216
795 167 1081 208 -59-

277 283 373 324 Hos
404 282 511 335 dies,
546 289 727 337 excepto
758 281 833 323 illo
865 296 966 334 uno,
1004 281 1074 323 die
1105 281 1268 323 mensis
1298 283 1450 334 XIX⁰‚
1485 296 1574 322 non
1605 281 1714 322 forte

161 369 315 398 senum
346 354 516 396 dierum
556 352 695 409 spatio
727 353 934 395 discretos
966 367 1059 396 esse
1089 361 1226 409 paret,
1260 369 1341 396 nec
1372 353 1601 409 quisquam
1632 354 1714 395 du-

159 426 296 479 bitet,
331 425 440 482 quin
469 440 559 468 non
590 425 770 467 fortuito
801 424 833 466 ii
865 424 949 481 ipsi
987 425 1077 467 sint
1115 426 1207 468 dies
1251 425 1481 482 .ᾐαῖ..9ἂί.,
1530 440 1714 480 quorum

160 497 334 542 numeri
365 512 549 540 numero
581 497 828 553 septenario
858 496 920 539 ita
941 497 1081 540 dividi
1100 498 1282 554 possint,
1316 504 1367 540 ut
1386 498 1604 553 reliquum
1623 513 1714 539 non

160 570 232 614 sit.
301 570 449 613 Possit
488 584 592 612 sane
633 569 729 624 quis
769 569 1004 625 suspicari,
1046 569 1095 611 in
1133 570 1300 612 Elulo
1346 576 1517 612 tantum
1561 570 1713 626 (primo

158 643 340 686 fortasse
380 649 425 685 et
461 641 609 694 altero)
658 640 893 697 septimum
933 647 1015 684 etc.
1061 642 1155 684 dies
1203 642 1338 684 fuisse
1384 643 1615 698 .ζιαῖ..9ᾶῖ.,
1665 642 1713 684 in

159 715 258 759 aliis
287 721 435 758 autem
464 713 688 756 mensibus
718 713 848 766 alios,
901 715 1017 768 quod
1055 715 1322 756 credendum
1357 714 1437 767 sit,
1481 715 1579 757 illos
1620 715 1712 757 dies

159 788 222 830 ita
250 787 386 830 fuisse
417 786 674 842 dispositos,
709 792 759 828 ut
787 800 877 828 non
907 787 1036 828 modo
1066 785 1114 839 ii,
1150 785 1226 841 qui
1256 786 1388 828 unius
1420 787 1581 829 mensis
1611 787 1714 829 fini-

156 861 240 902 bus
270 858 585 914 circumscripti
616 865 783 912 essent,
817 858 894 900 sed
924 858 980 900 ad
1009 873 1149 900 unum
1179 874 1328 901 omnes
1358 874 1514 901 senum
1545 860 1714 902 dierum

156 931 296 989 spatio
346 931 713 974 discernerentur.
782 931 1068 985 Sequeretur,
1112 937 1163 972 ut
1205 931 1368 974 mensis
1408 931 1578 974 Tischri
1619 933 1712 974 dies

158 1003 339 1060 quintus
384 1010 429 1046 et
469 1003 752 1046 duodecimus
797 1009 881 1045 etc.
931 1011 1077 1046 essent
1116 1003 1209 1046 dies
1252 1004 1464 1060 .ζιαῖ..9ᾶῖ.
1508 1010 1589 1046 etc.
1653 1005 1714 1046 At

157 1076 263 1118 huic
308 1075 506 1132 opinioni
551 1077 728 1118 obstant
773 1076 884 1118 duae
923 1076 1137 1118 rationes:
1181 1076 1342 1132 prima,
1386 1077 1502 1131 quod
1542 1076 1713 1119 dierum

157 1149 263 1190 anni
293 1147 460 1190 lunaris
498 1162 705 1189 numerus
737 1148 848 1203 (354)
896 1148 1141 1204 septenario
1180 1163 1364 1191 numero
1404 1164 1496 1191 non
1535 1150 1714 1192 omnino

157 1226 300 1276 potest
330 1219 482 1273 dividi,
519 1219 674 1272 altera,
709 1221 826 1274 quod
856 1220 973 1263 idem
1003 1235 1218 1263 annorum
1249 1221 1519 1264 diversorum
1550 1221 1713 1263 mensis

156 1292 286 1335 modo
316 1291 499 1348 triginta
527 1292 656 1334 modo
686 1292 990 1349 undetriginta
1020 1293 1190 1335 dierum
1212 1300 1278 1335 est
1298 1294 1363 1348 (ut
1383 1309 1512 1350 supra
1534 1295 1715 1337 demon-

156 1364 292 1407 stravi
321 1379 418 1420 pag.
449 1364 535 1418 38).
599 1364 792 1419 Utraque
823 1379 882 1418 re,
920 1365 958 1407 si
989 1379 1091 1407 vera
1121 1373 1235 1408 esset
1265 1366 1349 1408 ista
1379 1367 1547 1422 opinio,
1585 1367 1713 1409 effec-

156 1443 251 1478 tum
281 1442 416 1489 esset,
450 1442 501 1478 ut
531 1435 713 1478 diversis
744 1436 873 1478 annis
906 1437 1067 1479 diversi
1098 1439 1337 1481 eorundem
1369 1439 1589 1481 mensium
1620 1439 1713 1481 dies

154 1513 299 1550 essent
332 1507 450 1563 {qul
454 1508 564 1563 9513„
601 1522 734 1562 quum
766 1508 891 1551 fastis
923 1524 1030 1564 quos
1067 1510 1278 1553 habemus
1316 1508 1585 1567 Perennibus
1622 1527 1713 1554 non

151 1579 376 1636 potuerint
418 1579 505 1621 nisi
550 1580 836 1623 anniversarii
877 1582 970 1625 dies
1011 1582 1206 1625 inscribi.
1279 1585 1435 1638 Itaque
1476 1583 1707 1637 credimus,

153 1651 498 1708 uniuscujusque
528 1652 690 1695 mensis
720 1653 837 1696 diem
867 1655 1020 1710 VII¹¹¹¹¹,
1045 1656 1221 1707 XIV¹¹¹¹¹‚
1247 1657 1427 1710 XXIum,
1454 1657 1712 1699 XXVIII¹¹¹¹¹

152 1724 289 1767 fuisse
320 1727 418 1767 fim.
454 1725 716 1781 .ζιαῖ..9ᾶῖ.ῐ.

269 1797 366 1839 Hos
397 1795 491 1839 dies
520 1802 610 1839 tam
641 1797 853 1854 insignes,
888 1812 1045 1841 senum
1074 1799 1331 1856 plerumque
1372 1801 1541 1844 dierum
1573 1802 1713 1858 spatio

155 1868 450 1925 praeterlapso
480 1876 747 1912 revertentes
788 1885 887 1913 cum
917 1871 1287 1927 hebdomadibus,
1333 1873 1492 1927 quibus
1522 1875 1712 1931 Babylo-

153 1941 251 1984 nios
281 1956 381 1984 usos
413 1955 506 1983 esse
536 1941 850 1996 existimamus,
893 1959 1112 1987 connexos
1145 1945 1280 1987 fuisse
1310 1961 1386 2001 pro
1427 1953 1546 1988 certo
1576 1947 1712 1989 habe-

153 2028 266 2056 mus.
330 2012 582 2055 Verisimile
613 2021 693 2068 est,
729 2029 801 2058 eos
830 2022 1067 2071 postremos
1097 2017 1422 2060 hebdomadum
1443 2018 1535 2061 dies
1556 2020 1708 2062 fuisse.

152 2085 464 2127 Hebdomades
496 2085 632 2142 igitur
659 2088 945 2144 babylonicae
981 2089 1043 2131 ita
1073 2091 1337 2134 constitutae
1368 2098 1503 2145 erant,
1541 2098 1590 2133 ut
1620 2091 1710 2133 sin-

153 2156 247 2213 guli
296 2163 374 2199 aut
421 2157 517 2200 bini
561 2159 781 2202 mensium
832 2161 926 2204 dies
969 2149 1383 2205 duodetricesimum
1428 2164 1710 2220 insequentes

153 2229 332 2272 omnino
351 2230 702 2287 neglegerentur,
737 2240 787 2275 ut
808 2232 1106 2289 impediretur,
1135 2236 1368 2290 quominus
1388 2236 1710 2279 hebdomadum

152 2301 285 2344 series
324 2317 350 2345 a
385 2301 517 2345 lunae
555 2303 776 2347 luminum
821 2306 974 2348 ordine
1009 2307 1189 2350 omnino
1229 2307 1486 2351 discederet.
1556 2310 1710 2364 Itaque

247 2429 276 2471 1)
307 2427 462 2464 Accedit
485 2429 567 2472 hoc,
597 2432 696 2477 quod
721 2444 836 2479 nuper
853 2432 1015 2480 Theoph.
1033 2434 1239 2471 Pinches
1263 2447 1404 2471 mecum
1420 2436 1710 2473 communicavit.

151 2485 314 2522 Tabulae
336 2485 390 2521 IV
406 2486 442 2522 R
459 2489 514 2524 32.
535 2491 578 2524 33
604 2489 808 2537 exscriptae
832 2490 952 2526 lineae
969 2491 1106 2527 multae
1124 2497 1210 2528 sunt
1228 2492 1379 2529 deletae.
1412 2494 1514 2533 Quas
1531 2494 1572 2530 G.
1591 2493 1710 2530 Smith

150 2543 316 2580 restituit
339 2545 559 2592 comparatis
583 2546 801 2593 fragmentis
825 2548 1033 2585 tabularum
1057 2544 1238 2586 niensium
1262 2550 1419 2586 aliorum
1441 2551 1556 2587 fastos
1570 2551 1710 2588 haben-

151 2601 264 2645 tium,
301 2613 414 2648 quum
437 2603 607 2639 omnibus
634 2604 851 2652 fragmentis
875 2606 1150 2654 circumspectis
1183 2608 1256 2644 sibi
1293 2608 1396 2645 visus
1435 2609 1485 2645 sit
1517 2621 1704 2656 cognosse,

151 2659 298 2696 eosdem
321 2659 483 2696 omnium
498 2661 679 2698 mensium
696 2663 774 2699 dies
792 2663 958 2711 ejusdem
974 2665 1118 2711 generis
1137 2665 1250 2701 festos
1267 2666 1382 2702 fuisse
1408 2671 1444 2702 et
1460 2667 1591 2702 iisdem
1607 2679 1709 2715 prae-

152 2716 267 2764 ceptis
291 2728 319 2753 s.
344 2717 472 2754 vetitis
497 2718 701 2756 distinctos.
751 2721 869 2769 Cujus
894 2722 1043 2768 quidem
1067 2717 1271 2759 sententiae
1305 2736 1378 2760 non
1402 2736 1515 2771 parva
1539 2730 1595 2761 est
1616 2726 1709 2762 veri-

151 2774 355 2811 similitudo
380 2776 437 2819 (cf.
463 2788 556 2823 quae
580 2788 689 2824 supra
706 2779 750 2814 ad
768 2779 786 2814 Ι
809 2781 860 2815 11.
882 2781 933 2815 16.
958 2781 997 2816 Π
1015 2783 1045 2816 5.
1071 2781 1130 2816 III
1150 2783 1193 2815 22
1219 2781 1451 2825 notavimus).
1494 2783 1585 2819 Inde
1603 2783 1709 2820 colli-

149 2831 320 2879 gendum,
349 2833 459 2869 etiam
482 2834 562 2870 dies
588 2837 765 2883 anaqal.
793 2837 939 2874 eosdem
965 2838 1078 2874 fuisse
1104 2838 1265 2874 omnium
1290 2839 1470 2875 mensium
1494 2840 1583 2876 dies.
