1904 3216
835 171 1119 210 —22-

210 283 353 322 Baur
382 289 497 324 recte
526 289 688 335 monet,
722 297 778 323 ne
810 281 906 336 quis
943 283 1186 337 arbitretur,
1222 285 1398 328 metalla
1427 286 1502 329 illa
1530 303 1608 343 pro
1638 289 1748 331 cari-

210 359 296 395 tate
327 353 394 394 vel
424 353 591 395 vilitate
612 353 843 395 distributa
863 367 978 396 esse:
1014 369 1103 397 non
1125 356 1256 410 enim,
1292 358 1406 412 quod
1426 359 1599 400 minimi
1618 360 1748 415 pretii

209 423 290 477 sit,
331 419 558 479 plumbum
590 425 775 467 Saturno
806 432 870 467 est
900 426 1178 481 attributum,
1224 429 1299 470 sed
1329 430 1443 483 quod
1471 430 1652 473 minime
1680 445 1749 474 re-

209 495 351 551 fulget
382 502 424 537 et
452 503 622 551 praeter
652 511 806 538 aurum
836 497 1136 553 gravissimum
1167 506 1233 541 est
1262 500 1500 543 metallum.

324 567 448 609 Haec
479 566 655 621 quidem
686 569 739 610 de
769 569 940 610 Bauri
980 570 1210 612 sententia.
1272 571 1322 612 P.
1357 572 1418 613 de
1447 573 1742 628 Lagarde1,

209 639 387 679 sabbata
416 638 630 694 principio
660 639 798 682 fuisse
829 641 920 683 dies
950 641 1080 683 festos
1113 642 1270 695 „deae,
1316 657 1425 697 quae
1461 644 1576 686 vitae
1615 645 1749 687 finem

208 709 446 764 imponat“‚
503 724 632 764 quam
681 711 785 753 olim
831 714 884 753 ab
923 713 1137 756 Hebraeis
1186 713 1346 755 cultam
1383 729 1477 757 esse
1523 716 1586 771 (ut
1621 730 1750 771 supra

207 795 305 836 pag.
336 786 356 821 7
399 782 841 838 commemoravimus)
889 798 943 825 ex
981 798 1084 826 voce
1125 780 1222 843 maj-5
1262 785 1466 840 conjecit,
1517 793 1560 828 et
1598 786 1750 829 Satur-

208 866 315 893 num
361 852 581 908 planetam
623 853 714 909 jam
753 854 994 909 antiquitus
1043 857 1096 897 ab
1137 855 1225 897 illis
1265 853 1382 919 Ἓξὶῥ
1423 858 1747 917 „sabbaticum“

208 923 472 979 appellatum
504 939 595 967 esse
624 932 798 981 putans,
837 926 1091 981 arbitratur,
1137 928 1432 979 „Phoenicum
1470 931 1749 985 Arabumque

209 1001 400 1037 catervas
440 996 486 1037 in
526 999 776 1053 Aegyptum
817 999 1014 1051 effusas“,
1061 1013 1195 1053 quum
1236 1000 1450 1043 Sanbatae
1490 1008 1534 1043 et
1570 1001 1749 1044 Saturni

215 1066 351 1122 (cujus
373 1068 550 1110 eaedem
579 1068 744 1111 fuerint
773 1071 889 1125 apud
908 1070 1146 1126 Aegyptios
1174 1078 1330 1126 partes,
1366 1086 1474 1126 quae
1505 1073 1622 1128 apud
1650 1072 1749 1115 illos

209 1138 437 1193 Sanbatae)
471 1139 702 1196 religiones
733 1141 985 1196 coaluerint,
1021 1142 1258 1184 Saturnum
1295 1144 1376 1194 „ab
1418 1144 1568 1186 eadem
1605 1144 1749 1187 radice

208 1224 402 1263 vocasse,
438 1212 556 1253 unde
587 1212 777 1254 Sanbata
805 1228 966 1255 nomen
996 1213 1198 1267 traxerit,
1242 1213 1373 1255 simul
1401 1222 1566 1268 autem,
1602 1221 1652 1257 ut
1681 1215 1751 1258 sui

208 1297 253 1324 se
287 1282 399 1337 juris
438 1297 529 1325 esse
569 1284 933 1338 demonstrarent,
988 1286 1202 1328 Sanbatae
1252 1286 1368 1327 diem
1414 1286 1462 1328 in
1509 1286 1751 1342 septimana

207 1354 412 1396 ultimum
459 1369 551 1397 esse
593 1356 820 1410 statuisse,
873 1355 973 1399 cum
1014 1357 1190 1399 Saturni
1229 1357 1321 1399 dies
1360 1359 1477 1413 apud
1512 1358 1750 1414 Aegyptios

206 1426 372 1481 primus
401 1427 577 1469 fuerit&
630 1429 690 1469 At
718 1428 927 1484 Aegyptii
955 1435 1133 1481 veteres,
1171 1429 1245 1483 qui
1267 1429 1502 1471 Saturnum
1530 1429 1748 1485 planetam

206 1513 296 1540 non
325 1498 556 1553 praecipuo
586 1499 747 1541 honore
769 1500 1017 1542 habuerunt
1027 1502 1056 1553 2,
1092 1500 1208 1542 diem
1230 1501 1407 1542 Saturni
1426 1516 1516 1543 non
1537 1501 1746 1544 distinxe-

206 1577 324 1623 runt,
358 1577 402 1612 et
431 1585 593 1612 nomen
624 1567 739 1631 Ἢξιτῤ
776 1572 905 1626 (quod
934 1587 1024 1614 non
1052 1571 1274 1614 invenitur
1312 1572 1400 1614 nisi
1429 1573 1476 1614 in
1506 1572 1627 1616 libris
1655 1581 1753 1630 post

209 1641 312 1684 Chr.
356 1647 446 1683 nat.
490 1642 674 1698 scriptis)
714 1643 948 1698 posteriore
994 1643 1061 1685 illi
1110 1651 1301 1699 tempore
1340 1644 1592 1699 impositum
1641 1660 1745 1698 esse,

208 1728 342 1768 quum
362 1714 390 1754 J
391 1713 521 1754 udaei
551 1714 806 1770 astrologiae
838 1730 1011 1771 operam
1042 1716 1142 1756 dare
1173 1715 1428 1770 coepissent,
1462 1716 1566 1758 satis
1595 1719 1752 1772 proba-

206 1785 294 1827 bile
332 1790 411 1826 est.
481 1785 677 1840 Lagarde
719 1786 895 1840 quidem
933 1787 1133 1842 planetae
1171 1801 1332 1828 nomen
1368 1782 1486 1830 ''nzffi
1523 1788 1753 1842 antiquum

208 1870 299 1899 esse
331 1871 380 1898 eo
412 1856 549 1898 credit
578 1856 714 1910 effici,
751 1858 867 1911 quod
896 1858 1169 1913 Epiphanius
1184 1860 1200 1886 3
1237 1858 1290 1899 de
1320 1858 1506 1913 planetis
1538 1858 1752 1901 disserens

205 1929 360 1970 Jovem
389 1927 556 1982 Χωχὲβ
586 1925 815 1983 Boiam:
835 1924 919 1972 '252
949 1930 1061 1985 2:⁸22)
1097 1937 1235 1983 vocet,
1270 1944 1379 1984 quae
1410 1929 1669 1986 significatio
1700 1944 1750 1972 eo

208 2007 399 2054 tempore
431 1999 532 2042 oriri
561 2014 651 2042 non
680 2000 891 2055 potuerit,
927 2015 1011 2055 quo
1041 2016 1169 2043 nemo
1208 2015 1312 2043 voce
1352 2001 1477 2043 Baali
1515 2001 1582 2043 uti
1619 2015 1750 2043 ausus

208 2077 322 2113 esset
350 2070 438 2112 nisi
467 2071 598 2126 longo
628 2072 838 2115 sermonis
868 2087 952 2114 usu
982 2080 1227 2115 excusatus.
1283 2074 1367 2115 Sed
1396 2072 1577 2115 minime
1607 2071 1752 2126 sequi-

207 2149 291 2196 tur,
335 2150 386 2184 ut
424 2142 590 2197 Χωχὲβ
629 2140 793 2200 Σαβὴθ
833 2143 927 2198 ejus
966 2144 1119 2186 aetatis
1164 2146 1244 2198 sit,
1296 2159 1380 2199 qua
1425 2143 1550 2185 Baali
1596 2143 1751 2199 religio

207 2213 428 2256 mentibus
449 2214 716 2256 inhaerebat.
767 2215 926 2257 Nonne
947 2230 1032 2257 vox
1052 2215 1169 2259 *nz'oe‘
1188 2216 1400 2271 posterius
1420 2216 1521 2257 ficta
1540 2215 1588 2257 in
1607 2214 1751 2257 locum

208 2285 466 2340 antiquioris
497 2285 688 2328 nominis
718 2286 867 2328 stellae
897 2288 1105 2330 substitui
1134 2287 1305 2343 potuit?

323 2359 358 2398 B
373 2356 574 2398 ohlen4
604 2358 828 2400 Hebraeos
859 2358 963 2400 olim
994 2360 1229 2401 Saturnum
1270 2358 1453 2400 coluisse
1491 2359 1750 2414 probaturus

208 2430 264 2471 ad
302 2430 515 2471 Amosum
543 2436 770 2484 provocat,
816 2429 891 2484 qui
924 2435 962 2483 5,
989 2435 1041 2471 26
1083 2430 1300 2472 Israelitas
1341 2430 1444 2472 olim
1483 2430 1532 2471 in
1570 2429 1750 2471 desertis

210 2502 446 2543 Saturnum
485 2507 711 2542 veneratos
752 2515 843 2542 esse
885 2501 1015 2543 dicat.
1082 2503 1160 2544 Est
1199 2502 1374 2557 quidem
1422 2500 1531 2543 mihi
1580 2516 1749 2556 quoque

303 2634 330 2675 1)
356 2631 576 2667 Psalterium
600 2631 824 2678 Hieronymi,
853 2643 934 2678 pag.
954 2633 1028 2667 159.

300 2691 332 2731 2)
361 2688 581 2735 Lepsius,
612 2688 837 2734 Ghronoloyie
863 2690 924 2724 der
947 2691 1138 2737 Aeyypter,
1165 2690 1184 2724 Ι
1201 2692 1256 2724 93.

301 2748 331 2789 3)
361 2736 561 2794 Παιὶάριον
586 2747 640 2788 16,
668 2747 688 2779 2
718 2748 763 2791 (Ρ.
784 2747 827 2780 86
853 2745 909 2780 ed.
939 2745 1095 2789 Oehler).

301 2804 332 2845 4)
362 2803 441 2838 Das
465 2804 536 2838 alte
561 2803 703 2846 Indica,
732 2803 770 2838 H
796 2805 862 2838 244
879 2814 958 2849 sqq.
