1904 3216
722 207 1009 247 -29-

85 320 204 362 mar
233 324 279 361 et
298 319 463 361 Nusku.
518 319 583 361 Hi
613 319 786 361 numeri
815 326 906 361 tam
935 320 1062 362 facile
1094 327 1138 362 et
1167 327 1267 375 apte
1293 321 1349 362 ad
1370 320 1645 375 planetarum

84 386 275 434 rationes
305 390 458 433 referri
496 398 697 447 possunt,
742 398 793 433 ut
831 391 1032 434 dubitare
1073 406 1163 434 non
1203 407 1382 447 queam,
1430 392 1539 447 quin
1578 392 1645 433 illi

84 477 184 506 vere
213 462 306 506 sint
333 462 609 519 planetarum
640 463 716 506 dii.
769 463 909 507 Nineb
942 464 1075 517 enim,
1111 465 1264 507 Lunae
1292 454 1345 507 ac
1377 464 1489 507 Solis
1522 464 1644 519 quasi

85 535 309 589 aemulus,
353 542 420 578 est
449 536 689 590 Saturnus,
733 536 914 578 alterius
953 536 1230 592 planetarum
1259 536 1370 579 aciei
1412 537 1521 590 dux,
1571 537 1645 591 qui

84 607 260 651 incessu
293 607 527 664 magnifico
568 616 725 651 terram
763 608 1032 664 amplissimo
1070 610 1173 650 orbe
1213 609 1582 665 circumgrediens
1622 624 1646 650 a

84 680 237 723 multis
267 680 542 724 existimatus
574 688 638 724 est
666 681 842 738 planeta
870 680 1214 736 potentissimus.
1281 682 1421 735 quue
1460 681 1591 723 etiam
1623 696 1647 723 a

84 752 352 810 Babyloniis,
390 754 507 808 quod
536 754 752 796 maximus
783 753 1051 796 demonstrat
1077 768 1287 795 numerus
1318 753 1359 795 ei
1390 753 1641 795 attributus.

84 825 373 882 Adjungendi
402 833 506 868 sunt
536 826 576 867 ei
608 826 798 869 Marduk
828 832 871 868 et
900 826 1068 882 Naryal
1078 859 1086 879 ,
1123 826 1254 868 ceteri
1284 825 1487 882 planetae
1517 840 1648 882 supe-

85 897 244 951 riores,
293 897 371 954 qui
407 897 589 954 perinde
628 912 678 940 ac
719 898 936 940 Saturnus
975 912 1052 953 per
1090 905 1227 940 totam
1266 904 1442 940 noctem
1482 905 1526 940 et
1567 897 1648 940 soli

86 968 274 1025 oppositi
304 969 472 1027 fulgere
502 977 699 1026 possunt.
763 971 942 1026 Neryal,
977 970 1083 1012 belli
1105 970 1252 1023 deum,
1287 970 1475 1012 Martem
1495 969 1648 1032 plane-

86 1047 177 1083 tam
207 1055 303 1084 esse
327 1042 505 1098 judico,
540 1043 737 1097 sequitur
764 1049 816 1084 ut
856 1043 1045 1085 Marduk
1074 1042 1249 1099 Jupiter
1279 1042 1351 1084 sit.
1414 1043 1566 1084 Lunae
1597 1056 1647 1083 ac

87 1113 179 1156 Soli
209 1115 435 1172 aggregati
475 1122 578 1157 sunt
608 1115 760 1157 Nusku
789 1122 834 1157 et
862 1117 996 1170 Is'tar,
1037 1115 1239 1171 planetae
1277 1114 1528 1168 inferiores,
1573 1114 1648 1169 qui

89 1185 218 1240 (inter
246 1187 384 1230 solem
414 1194 458 1230 et
487 1194 648 1243 terram
679 1202 855 1229 cursum
884 1188 1108 1244 facientes)
1143 1202 1372 1242 nunquam
1402 1186 1589 1228 multum
1623 1201 1647 1228 a

89 1258 180 1301 sole
211 1259 425 1303 distantes
455 1274 599 1314 neque
630 1258 747 1302 circa
775 1259 966 1302 mediam
985 1266 1175 1314 noctem,
1210 1260 1287 1302 sed
1307 1274 1485 1315 vespere
1507 1259 1649 1301 solum

88 1337 133 1374 et
161 1346 291 1375 mane
321 1331 663 1388 conspiciuntur.
728 1333 842 1374 Istar
871 1333 1022 1374 Venus
1053 1340 1134 1384 est,
1169 1331 1330 1374 Nusku
1359 1331 1618 1374 Mercurius.

121 1442 183 1512 3³³
229 1429 275 1487 ᾖ
301 1430 440 1473 Νεκῶ
622 1435 673 1471 50
753 1430 794 1487 ζ
832 1430 911 1473 Sin
944 1436 995 1473 30
1027 1435 1080 1482 -ι-
1111 1430 1168 1486 (D
1197 1412 1353 1472 &amag
1387 1434 1437 1471 20
1470 1449 1527 1465 =
1561 1435 1612 1471 50

121 1486 188 1584 ἐξ
225 1506 472 1561 ᾱΝένῃαι
515 1510 591 1628 14}
620 1546 671 1583 25
745 1500 896 1630 {.÷{{
946 1505 986 1562 ῼ
1023 1503 1142 1548 Ιὲιαν
1410 1510 1457 1546 15
1507 1514 1613 1628 }25

127 1582 181 1620 ²¹3
227 1579 277 1637 Z.
301 1580 558 1625 Mardukn
744 1588 778 1638 ,Ξ
813 1578 840 1638 ζξ
946 1579 981 1637 ξ
1022 1581 1174 1623 Nusku
1408 1587 1457 1622 10

616 1655 667 1692 75
1561 1656 1612 1691 75

202 1735 257 1776 In
297 1734 468 1778 duabus
506 1734 695 1778 tabulis¹
730 1735 819 1777 VII
862 1733 1061 1790 planetas
1093 1741 1368 1777 enumeratos
1399 1731 1650 1776 invenimus

88 1806 242 1848 eodem
270 1806 320 1847 in
349 1813 533 1862 utraque
552 1814 722 1850 servato
744 1807 919 1849 ordine:
962 1808 997 1864 1)
1033 1813 1085 1848 ilu
1109 1807 1203 1850 ..sim
1250 1808 1286 1863 2)
1323 1813 1375 1847 ila
1402 1808 1487 1849 .ud.
1534 1808 1570 1863 3)
1598 1813 1651 1848 ilu

92 1879 612 1935 .dun..pa..ud..du.(.a.).
663 1880 701 1935 4)
739 1885 792 1920 flu
827 1879 1041 1923 .dil..bad.
1088 1881 1125 1935 5)
1157 1885 1210 1920 ila
1244 1878 1646 1936 ‚lu..bad..sa9..u§.

91 1952 128 2006 6)
165 1956 219 1991 itu
254 1950 646 2008 .lu..bad..qz'2..ud.
702 1953 739 2007 7)
770 1957 821 1992 ilu
856 1951 1174 1995 ‚ni..bi..a..mc.
1237 1952 1350 1994 Sunt
1380 1967 1530 1994 omnes
1561 1953 1651 2009 sig-

87 2022 258 2066 nificati
278 2023 646 2080 ideogrammatis,
672 2038 857 2079 quorum
878 2024 966 2066 lV:
1002 2025 1157 2067 Lunae
1171 2026 1202 2079 ²,
1228 2024 1341 2067 Solis
1353 2026 1384 2079 2,
1420 2024 1605 2068 Veneris
1617 2028 1646 2079 ³,

90 2095 271 2138 Saturni
283 2098 314 2150 ⁴¹,
348 2104 454 2139 nota
483 2103 600 2140 sunt.
663 2098 732 2139 De
764 2096 920 2139 ceteris
942 2085 1017 2139 ‘est
1045 2097 1237 2140 breviter
1266 2098 1501 2154 agendum.

209 2169 244 2224 1)
281 2169 504 2224 Tertium,
546 2176 776 2226 postquam
806 2169 1077 2225 aliquamdiu
1107 2170 1189 2212 viri
1221 2169 1338 2212 docti
1367 2171 1525 2213 Martis
1556 2186 1650 2213 esse

89 2248 380 2298 putaverunt,
424 2242 635 2299 Oppert
671 2242 755 2298 (cui
793 2249 1075 2285 assenserunt
1113 2243 1365 2298 Menant,
1410 2243 1651 2300 Syllabaz're

89 2314 312 2371 Assyrien,
350 2315 398 2358 II
435 2319 543 2368 3543
588 2315 777 2371 Sayce,
830 2316 1045 2357 Transaot.
1091 2316 1257 2357 1874Ἰ
1298 2319 1403 2368 168;
1456 2316 1652 2358 Schra-

91 2387 205 2441 der,
249 2387 428 2430 Studien
466 2403 509 2430 u.
545 2387 663 2430 Krit.
712 2391 818 2428 1874
859 2389 881 2429 Ι
912 2391 1006 2444 348)
1053 2386 1230 2444 signum
1270 2388 1481 2430 Mercurii
1520 2395 1650 2443 puta-

90 2459 177 2515 vit,
222 2461 338 2516 quod
377 2459 598 2516 significet
639 2460 704 2511 „le
734 2474 944 2516 messaqer
973 2460 1031 2502 du
1046 2460 1158 2515 jour
1194 2460 1377 2503 levant“.
1442 2461 1501 2502 At
1537 2460 1652 2502 hanc

186 2634 220 2678 1)
244 2633 284 2670 11
301 2633 338 2669 R
352 2635 409 2678 48,
429 2635 567 2668 48—54
577 2633 654 2670 a.b.
685 2632 822 2677 (tabula
837 2633 1114 2679 vetustissima).
1147 2634 1205 2669 III
1222 2633 1257 2668 R
1275 2635 1331 2677 57,
1352 2636 1486 2668 65—67
1498 2646 1530 2669 a.

182 2692 217 2735 2)
245 2689 464 2739 Saepissime
488 2691 739 2728 inveniuntur.

184 2750 218 2792 3)
245 2748 356 2788 Quod
380 2749 548 2785 aecadiee
573 2749 787 2785 enuntiatur
811 2750 962 2793 dil-bad,
990 2749 1027 2785 h.
1048 2762 1077 2786 e.
1104 2750 1283 2797 Δελέφατ
1310 2749 1513 2797 (Hesyeh.).

182 2809 218 2850 4)
245 2806 356 2846 Quod
378 2807 417 2844 H
433 2807 470 2842 R
486 2809 543 2851 32,
565 2809 607 2842 25
618 2820 648 2843 e.
662 2808 688 2843 f.
713 2806 920 2853 explicatur
943 2820 1031 2845 voce
1056 2809 1315 2844 ka-ai-ma-nu
1343 2807 1494 2854 (primus
1511 2806 1652 2854 Oppert

90 2863 161 2900 hoe
184 2864 353 2909 invenit),
374 2865 419 2900 cf.
434 2855 576 2920 vij-9<
