1904 3216
773 186 1058 226 ,73-

140 300 206 358 (ἰὰ
230 299 346 356 quod
377 313 432 342 ex
461 298 567 342 locis
598 314 728 354 supra
759 298 1107 342 commemoratis
1129 297 1310 340 fortasse
1325 297 1426 353 jure
1448 297 1683 353 colligitur)

135 372 228 416 dies
257 385 395 415 novae
424 371 555 413 lunae
587 385 637 413 ac
667 372 845 413 sabbata
876 370 1090 413 celebrata
1120 368 1220 422 sint,
1266 370 1420 425 profici
1460 371 1691 412 statuendo

133 446 312 488 sabbata
356 458 526 499 semper
571 443 747 485 eosdem
795 442 1013 485 mensium
1062 441 1155 484 dies
1203 441 1354 484 fuisse.
1427 442 1575 496 Atque
1624 456 1692 483 se-

135 516 302 572 quitur,
332 522 383 558 ut
411 515 526 557 nihil
556 513 694 557 iidem
723 514 790 557 illi
819 514 904 557 loci
935 515 1120 557 doceant
1150 514 1204 556 de
1233 514 1513 556 sabbatorum
1544 513 1691 569 dispo-

133 587 311 632 sitione.
383 587 588 631 Ceterum
626 601 718 629 non
758 585 936 628 difficile
976 585 1088 628 foret
1127 599 1302 628 causam
1341 585 1565 639 invenire,
1616 599 1693 627 cur

87 710 89 712 v
133 662 315 704 sabbata
345 666 390 702 et
419 659 512 701 dies
542 673 682 701 novae
712 658 844 700 lunae
879 657 1082 699 similiter
1121 659 1176 699 ab
1207 657 1418 700 Israelitis
1455 664 1550 700 acta
1586 657 1688 700 sint.

133 734 287 779 Quum
315 731 434 774 enim
463 731 657 773 sabbatis
687 737 731 772 et
762 730 916 772 diebus
953 744 1093 772 novae
1129 730 1261 772 lunae
1301 729 1514 772 sacrificia
1549 729 1694 784 quoti-

135 803 280 847 dianis
308 802 472 859 majora
501 802 753 845 communia
773 801 939 843 fuerint
964 801 1064 856 (nisi
1085 801 1196 844 forte
1219 802 1314 857 quis
1335 802 1586 855 contendat,
1611 801 1694 843 hoc

134 889 308 931 quoque
326 881 424 931 post
444 874 651 917 exsilium
682 874 859 916 demum
890 873 1153 929 imperatum
1184 888 1292 927 esse,
1328 875 1382 915 de
1411 887 1496 928 qua
1525 888 1571 915 re
1603 873 1694 915 dis-

131 946 320 1004 putandi
349 946 424 989 hic
451 961 544 989 non
583 953 648 989 est
686 946 840 1002 locus),
884 960 974 988 non
1018 946 1179 989 mirum
1218 953 1305 1000 est,
1351 945 1389 989 si
1429 946 1582 987 eadem
1619 953 1695 987 aut

132 1019 270 1064 simili
315 1018 483 1061 ratione
521 1033 546 1060 a
584 1018 746 1074 populo
797 1018 1012 1060 celebrata
1052 1018 1155 1061 sint.
1228 1019 1545 1060 Verumtamen
1590 1017 1695 1058 licet

133 1091 268 1134 etiam
303 1098 480 1147 putare,
525 1089 690 1132 idcirco
726 1096 898 1132 tantum
944 1090 1038 1133 dies
1078 1105 1217 1133 novae
1254 1090 1388 1132 lunae
1431 1096 1476 1132 et
1516 1090 1695 1131 sabbata

133 1163 309 1220 saepius
339 1162 574 1218 conjuncte
603 1162 847 1216 memorari,
884 1162 986 1217 quia
1015 1162 1244 1218 utriusque
1276 1161 1448 1218 generis
1479 1160 1574 1203 dies
1594 1160 1696 1203 festi

133 1235 341 1279 omnibus
360 1233 601 1288 mensibus,
636 1241 780 1276 cetera
809 1233 1040 1277 sollemnia
1063 1234 1200 1277 semel
1230 1241 1403 1277 tantum
1432 1247 1509 1289 per
1529 1248 1695 1275 annum

132 1309 300 1350 fiebant
312 1309 341 1349 ¹.
414 1308 561 1361 Atque
600 1305 889 1348 Amosianum
930 1306 1107 1361 quidem
1154 1306 1265 1348 illud
1309 1307 1485 1362 probat,
1543 1305 1696 1348 Amosi

134 1386 276 1423 aetate
307 1378 439 1421 etiam
470 1378 540 1420 die
571 1392 710 1420 novae
740 1378 872 1420 lunae
909 1377 1111 1420 homines
1149 1377 1340 1434 negotiis
1378 1378 1581 1434 religiose
1619 1380 1697 1420 ab-

133 1451 364 1502 stinuisse,
409 1450 486 1493 sed
515 1464 566 1492 eo
596 1464 687 1492 non
717 1449 915 1505 cogimur
953 1455 1134 1505 putare,
1179 1464 1330 1492 omnes
1378 1450 1510 1492 lunae
1557 1465 1696 1493 novae

133 1523 228 1566 dies
263 1521 401 1565 simili,
428 1521 558 1564 modo
588 1535 639 1563 ac
670 1523 852 1564 sabbata
879 1527 996 1564 actos
1027 1535 1140 1575 esse,
1185 1526 1336 1564 verum
1365 1522 1472 1564 licet
1502 1523 1692 1575 credere,

131 1594 285 1638 Amnsi
313 1593 427 1636 illud
456 1593 516 1636 ad
541 1593 678 1636 solam
708 1593 882 1649 septimi
906 1593 1094 1648 mensis,
1129 1593 1174 1635 h.
1201 1608 1239 1636 e.
1274 1593 1438 1636 mensis
1465 1594 1692 1647 sabbafici,

130 1682 293 1711 novam
310 1666 463 1709 lunam
484 1672 693 1722 spectare,
731 1679 861 1720 quem
891 1664 1010 1707 diem
1040 1665 1172 1708 etiam
1201 1665 1274 1708 lex
1294 1666 1586 1710 Pentateuchi
1607 1667 1696 1709 otio

132 1738 354 1783 sabbatico
384 1737 602 1794 distingui
626 1737 779 1793 jubet,
816 1745 859 1781 et
888 1737 1147 1794 prophetam
1177 1739 1483 1781 tantummodo
1522 1746 1697 1795 propter

131 1810 474 1868 parallelismum
509 1809 730 1866 poeticum
766 1809 888 1852 hunc
925 1810 1063 1865 diem,
1114 1810 1253 1853 rarius
1295 1825 1399 1853 sane
1437 1818 1696 1854 mercatores

131 1897 285 1928 avaros
311 1882 639 1939 impedientem,
675 1896 950 1924 memorasse.

250 1956 456 1999 Ceterum
486 1953 925 1996 animadvertendum
957 1961 1036 2007 est,
1071 1961 1121 1996 ut
1149 1954 1199 1996 in
1219 1954 1537 2009 antiquissimis
1557 1955 1693 2010 libris,

132 2027 194 2071 ita
224 2027 273 2070 in
301 2026 616 2069 recentioribus
648 2027 828 2068 sabbata
859 2034 902 2069 et
932 2040 1070 2069 novae
1100 2027 1232 2069 lunae
1263 2027 1355 2069 dies
1385 2027 1566 2083 reperiri
1592 2042 1697 2070 con-

128 2099 298 2156 juncta,
335 2113 436 2154 ergo
467 2098 576 2141 falso
608 2097 820 2154 suspicari
842 2099 1067 2154 quosdam,
1092 2098 1343 2141 vetustioris
1363 2099 1466 2141 libri
1488 2115 1584 2142 eam
1606 2114 1695 2143 rem

133 2186 228 2215 esse
258 2170 448 2228 signum.
984 2167 988 2172 '

250 2243 423 2289 Quibus
474 2244 604 2285 rebus
661 2242 870 2298 expositis
914 2243 1165 2299 probavisse
1218 2243 1329 2285 mihi
1375 2244 1547 2298 videor,
1597 2252 1698 2301 post

133 2316 291 2359 Mosen
320 2314 543 2358 Israelitas
573 2329 746 2370 semper
777 2314 1013 2371 septimum
1052 2329 1267 2371 quemque
1308 2315 1426 2359 diem
1466 2318 1696 2359 sabbatum

134 2387 355 2431 habuisse.
431 2387 520 2432 Qui
559 2386 726 2429 factum
768 2386 848 2441 sit,
893 2394 943 2430 ut
983 2387 1088 2430 ordo
1127 2388 1337 2443 antiquus
1378 2403 1403 2430 a
1440 2388 1697 2445 Babyloniis

230 2550 258 2591 1)
288 2547 345 2584 Ne
371 2548 455 2594 quis
478 2553 601 2596 putet,
643 2547 804 2584 sabbatis
840 2559 985 2595 quoque
1017 2549 1273 2584 commercium
1298 2554 1334 2585 et
1358 2548 1522 2585 laborem
1546 2550 1594 2586 ob
1618 2562 1697 2585 eam

134 2616 281 2642 causam
304 2605 554 2642 intermissum
584 2616 680 2648 esse,
721 2605 819 2652 quod
852 2605 1031 2642 sacrificia
1063 2611 1100 2642 et
1132 2606 1360 2643 sollemnitas
1394 2618 1521 2642 eorum
1554 2606 1696 2643 dierum

134 2661 214 2699 illis
236 2661 359 2699 locum
382 2675 458 2699 non
480 2662 737 2711 praebuerint:
767 2663 867 2710 quod
890 2663 1038 2699 nomine
1056 2664 1139 2701 nm&
1166 2669 1203 2700 et
1220 2665 1456 2701 sabbatorum
1480 2663 1697 2712 babylonio-

133 2731 216 2756 rum
250 2725 383 2756 natura
417 2721 646 2768 prohibetur.
710 2720 808 2757 Satis
843 2725 966 2757 autem
1003 2721 1196 2768 probabile
1228 2727 1301 2766 est,
1341 2721 1531 2759 Israelitas
1568 2722 1698 2758 diebus

136 2789 251 2814 novae
275 2777 386 2814 lunae
410 2778 625 2815 commercio
651 2778 808 2825 aliisque
832 2779 1006 2826 operibus
1031 2791 1070 2816 se
1094 2780 1280 2816 abstinere
1305 2792 1379 2815 non
1410 2779 1524 2817 fuisse
1549 2786 1697 2827 coeptu-

135 2846 197 2871 ros
220 2835 296 2873 nisi
320 2836 555 2873 sabbatorum
580 2841 689 2872 antea
713 2836 969 2873 institutorum
993 2837 1160 2885 exemplo
1186 2837 1376 2874 adductos.
