1904 3216
17 178 19 182 Α
0 0 40 129 ww

770 196 1057 236 ,37-

134 323 307 352 sacrum
335 314 525 350 veretur.
576 309 701 350 Haec
732 315 796 350 est
826 308 1060 351 auctoritas
1089 307 1344 365 principalis
1374 308 1454 350 otii
1482 309 1694 350 sabbatici

135 380 316 424 vocibus
346 375 439 435 ἀθ-φ
471 386 515 421 et
545 374 628 422 bbfl
658 387 822 422 notata.
887 381 990 422 Non
1018 380 1255 436 posteriore
1295 381 1472 422 demum
1500 386 1695 435 tempore

134 466 232 496 eam
261 466 356 494 esse
386 451 475 494 otio
505 452 728 494 sabbatico
759 451 968 494 tributam
998 458 1192 508 apparet,
1229 466 1365 507 quum
1396 451 1594 507 decalogi
1623 452 1695 493 lex

135 523 358 568 sabbatica
400 523 584 579 incipiat
633 523 776 566 verbis
828 525 1132 575 „Memento
1184 523 1295 566 diei
1346 523 1584 571 sabbati,
1637 530 1695 564 ut

134 610 253 639 eum
281 602 471 638 sancte
501 600 679 652 agas“.
741 597 887 650 Atque
927 603 1043 638 recte
1073 610 1098 638 a
1127 595 1255 637 nobis
1295 595 1562 652 explicatum
1600 609 1694 637 esse

135 681 315 712 sensum
355 674 531 719 „sancte
561 667 748 723 agendi“
788 669 943 724 probat
983 667 1216 723 decalogus
1255 668 1318 710 sie
1354 681 1562 724 pergens:
1607 681 1698 710 sex

136 740 330 783 diebus
359 739 605 782 laborato
635 747 688 782 et
717 739 895 782 omnia
924 740 1147 795 negotia
1178 746 1268 782 tua
1298 739 1529 795 agitato:
1576 753 1697 794 sep-

135 812 266 855 timo
294 818 472 854 autem
503 811 590 854 die
620 813 903 855 sabbatum
933 811 1192 863 Jehovae7
1228 810 1434 853 domini
1465 811 1561 863 tui,
1598 817 1691 863 est,

134 883 346 927 nullum
376 898 510 939 opus
539 883 733 937 facito,
767 891 825 926 tu
855 890 906 926 et
937 883 1096 926 filius
1126 890 1251 926 tuus
1284 890 1366 926 etc.
1428 883 1563 925 Vides
1594 884 1694 925 sab-

134 957 288 998 batum
327 963 479 998 sancte
516 970 645 1012 agere
685 955 906 998 Israelitas
939 955 1086 1011 juberi
1132 955 1301 998 labores
1342 954 1692 1006 intermittendo,

136 1028 252 1083 quod
284 1027 378 1070 dies
408 1027 465 1070 sit
494 1028 699 1081 Jehovae,
738 1028 813 1083 qui
844 1042 971 1070 senos
1001 1027 1095 1070 dies
1126 1027 1359 1070 hominum
1388 1026 1580 1083 negotiis
1621 1027 1698 1068 de-

135 1099 324 1153 stinarit,
358 1100 596 1156 septimum
627 1114 843 1155 quemque
874 1100 958 1142 sibi
989 1100 1073 1156 ipsi
1103 1100 1336 1156 exceperit,
1373 1113 1504 1155 quam
1532 1099 1586 1141 ob
1607 1112 1698 1140 rem

136 1186 188 1214 eo
217 1171 419 1215 homines
458 1172 514 1215 ad
549 1172 727 1228 negotia
766 1186 845 1214 sua
883 1171 950 1214 uti
989 1172 1113 1215 nefas
1152 1172 1232 1215 sit:
1278 1172 1508 1214 sabbatum
1549 1178 1696 1212 sancte

135 1258 265 1300 agere
296 1244 454 1286 debere
483 1244 512 1286 J
514 1244 677 1287 ehovae
706 1245 983 1287 sanctitatem
1013 1243 1277 1286 verecundia
1307 1250 1580 1286 venerantes.

251 1316 467 1372 Magnum
497 1316 581 1359 hoc
610 1323 677 1359 est
707 1316 941 1359 discrimen
970 1316 1086 1359 inter
1118 1315 1463 1372 Babyloniorum
1493 1322 1537 1357 et
1558 1316 1700 1357 Israe-

134 1387 313 1431 litarum
350 1389 544 1430 sabbata.
613 1388 688 1431 Illi
728 1403 901 1443 quoque
941 1390 1123 1431 sabbata
1162 1395 1278 1431 certe
1316 1388 1567 1430 habuerunt
1608 1387 1699 1428 dies

135 1474 302 1513 sacros,
345 1474 483 1514 quum
523 1467 671 1502 autem
702 1461 835 1502 deum
866 1475 1121 1517 supremum
1150 1475 1242 1502 non
1271 1466 1476 1511 nossent,
1519 1460 1700 1501 sabbata

134 1537 322 1588 egerunt
358 1544 449 1574 non
491 1532 623 1573 ‹leum
661 1532 935 1585 veneraturi,
981 1533 1059 1575 sed
1100 1534 1155 1575 ob
1195 1532 1501 1574 sanctitatem¹
1544 1531 1700 1572 diebus

133 1602 243 1659 ipsis
272 1601 592 1646 inhaerentem.
655 1603 846 1645 Perinde
877 1618 928 1646 ac
969 1610 1134 1647 ceteros
1175 1604 1269 1647 dies
1307 1618 1459 1647 omnes
1498 1603 1698 1645 videmus

134 1676 314 1719 sabbata
350 1674 696 1731 Babyloniorum
741 1675 827 1718 alia
875 1676 974 1720 aliis
1015 1676 1099 1719 diis
1148 1676 1290 1731 iisque
1328 1691 1421 1719 non
1459 1675 1697 1732 majoribus

135 1747 364 1800 attributa,
398 1761 454 1790 ex
483 1761 569 1802 quo
599 1755 792 1804 apparet,
828 1763 973 1803 neque
1003 1750 1235 1791 sabbatum
1255 1748 1392 1791 fuisse
1415 1748 1546 1801 diem,
1583 1748 1699 1802 quod

136 1818 208 1861 dei
238 1817 467 1874 cujusdam
496 1819 575 1872 sit,
611 1834 755 1874 neque
786 1819 853 1861 illi
884 1821 965 1862 deo
996 1819 1258 1863 attributum
1290 1835 1403 1873 esse,
1451 1820 1569 1875 quod
1600 1820 1699 1862 sab-

134 1892 288 1934 batum
317 1889 466 1933 fuerit.

252 1962 478 2006 Israelitae
517 1970 634 2006 certe
665 1963 759 2019 jam
796 1964 934 2007 Mosis
974 1971 1116 2007 aetate
1155 1965 1334 2007 sabbata
1372 1964 1566 2007 Jehovae
1606 1964 1699 2006 dies

136 2049 282 2078 sacros
311 2034 574 2088 habuerunt,
611 2035 693 2078 hoc
723 2043 896 2078 tantum
918 2036 1104 2079 dubium
1126 2043 1204 2089 est,
1241 2051 1350 2078 num
1371 2050 1427 2078 ex
1447 2051 1532 2091 quo
1553 2037 1698 2079 Moses

135 2106 306 2151 orfitum
343 2108 371 2149 J
375 2106 536 2150 ehovae
581 2107 706 2150 auxit
745 2123 795 2151 ac
839 2108 1046 2162 correxit,
1097 2124 1156 2151 an
1194 2115 1298 2150 ante
1346 2123 1449 2151 eum
1497 2123 1522 2151 a
1560 2108 1700 2164 patri-

137 2180 220 2222 bus
250 2179 551 2223 Israelitarum
581 2181 759 2222 sabbata
778 2181 864 2223 Dei
895 2181 1090 2237 ipsorum
1119 2180 1252 2222 unius
1285 2180 1379 2223 dies
1410 2180 1561 2222 habita
1591 2180 1695 2232 sint,

233 2330 262 2371 1)
292 2327 466 2364 Sanctum
490 2333 547 2364 est
570 2329 672 2375 quod
695 2328 792 2366 labis
825 2342 956 2377 expers
987 2342 1046 2366 res
1079 2329 1334 2377 quotidianas,
1369 2330 1529 2366 maxime
1559 2330 1597 2365 in
1629 2341 1698 2366 usu

138 2386 330 2424 hominum
351 2391 541 2423 versantes
566 2392 604 2422 et
628 2399 671 2423 eo
696 2387 870 2434 pollutas,
897 2388 1076 2437 turbatas,
1111 2387 1324 2424 imminutas
1349 2393 1499 2435 superat
1522 2387 1696 2434 puritate,

139 2443 341 2492 dignitate,
381 2443 585 2480 virtutibus
621 2444 758 2482 divinis
795 2456 836 2480 ac
871 2445 1013 2496 viribus
1050 2446 1107 2487 (cf.
1140 2445 1323 2493 imprimis
1356 2445 1699 2481 commentationem

136 2501 386 2538 Francisci
410 2500 704 2538 Delitzschii
729 2502 769 2538 in
793 2503 942 2549 Herzog
966 2503 1200 2551 kaEan
1223 2504 1257 2539 V
1275 2505 1341 2539 714
1359 2505 1466 2550 sqq.).
1506 2502 1697 2538 Israelitae

136 2559 259 2596 Deum
283 2564 320 2595 et
342 2569 401 2595 res
431 2559 479 2595 ad
510 2571 595 2596 eum
626 2561 783 2607 ejusque
811 2559 953 2596 cultum
983 2560 1213 2607 pertinentes
1243 2560 1434 2597 vocabulis
1466 2560 1699 2596 sanctitatem

136 2616 435 2664 significantibus
459 2624 604 2662 ornant,
633 2618 773 2655 Jehova
797 2618 844 2654 iis
869 2623 980 2666 caput
1003 2623 1040 2655 et
1064 2619 1148 2654 fons
1165 2624 1222 2655 est
1238 2618 1459 2656 sanctitatis.
1502 2616 1701 2665 Babylonii

138 2676 187 2718 (et
211 2674 324 2711 ceteri
347 2675 515 2722 gentiles)
547 2676 635 2713 deos
660 2676 872 2713 existimant
896 2676 1096 2724 participes
1121 2681 1157 2712 et
1181 2682 1323 2720 tutores
1349 2675 1576 2718 sanctitatis,
1607 2687 1699 2722 quae

138 2731 245 2780 quasi
269 2737 356 2768 ante
379 2732 530 2769 numina
554 2733 667 2770 fuerit
692 2739 728 2770 et
751 2745 811 2769 res
836 2733 885 2770 sit
910 2746 954 2770 ex
979 2745 1018 2770 se
1042 2734 1123 2781 ipsa
1148 2739 1243 2781 apta.
1302 2735 1371 2770 Est
1402 2745 1489 2769 vero
1523 2726 1699 2770 sanctitas

138 2801 208 2834 res,
238 2789 346 2838 cujus
369 2790 472 2827 notio
497 2791 627 2828 multis
650 2791 770 2827 modis
795 2796 917 2838 potest
940 2791 1093 2835 variari3
1124 2791 1269 2838 qualem
1294 2803 1372 2827 esse
1389 2790 1586 2838 Babylonii
1613 2803 1699 2826 sen-

143 2847 268 2891 serint,
297 2847 360 2883 hie
384 2847 574 2895 inquirere
597 2848 748 2896 longum
773 2854 839 2885 est.
