1904 3216
865 239 1150 280 -82-

247 352 358 407 (¹7:25)
396 359 439 394 61
469 365 596 394 0111116
627 365 733 405 opus
761 345 921 404 {ffinsbn
951 345 1014 405 53)
1049 351 1343 406 peragendum
1373 351 1443 393 sit.
1497 353 1782 395 Manifestum

247 423 421 478 quidem
453 430 534 475 est,
579 416 727 464 ’.ὌξύὯ
757 435 847 462 11011
878 435 968 462 esse
998 435 1171 463 omnem
1201 421 1436 475 actionem,
1470 424 1546 465 sed
1575 423 1779 476 laborem,

243 508 351 548 opus
383 492 625 547 quotidiani
655 491 836 548 negotii,
870 499 914 534 at
943 492 1037 534 sine
1067 507 1195 534 causa
1225 493 1280 534 ad
1309 492 1449 534 solum
1479 508 1585 549 opus
1615 503 1784 551 agreste

237 565 437 607 refertur.

357 636 499 678 Quam
531 634 633 684 „lib
645 648 697 675 er
727 634 990 677 foederis“
1023 634 1201 676 exhibet
1221 635 1274 676 de
1295 636 1470 678 sabbato
1490 637 1646 692 legem,
1675 637 1784 680 haec

242 714 326 747 est:
362 707 426 747 Et
456 720 547 747 sex
577 705 767 747 diebus
798 720 928 761 opus
958 713 1106 748 tuum
1135 694 1314 756 facito,
1351 707 1783 762 septimoautem

242 777 327 818 die
366 777 614 829 feriator,
662 783 720 818 ut
758 778 851 819 bos
892 784 1013 819 tuus
1052 777 1295 838 quiescat
1335 784 1385 819 et
1428 778 1613 820 asinus
1658 783 1813 821 tuus*

242 857 292 890 et
339 855 617 890 recreetur
672 848 829 890 filius
884 848 1118 891 ancillae
1175 855 1297 890 tuae
1356 856 1406 890 et
1461 849 1782 906 peregrinus

249 921 340 972 OEx.
376 924 444 972 23,
484 920 566 974 12).
641 921 837 973 Vetatur,
872 935 928 962 ne
959 919 1055 974 quis
1087 920 1264 961 sabbato
1303 919 1433 962 faciat
1468 918 1627 979 Ἶήζξᾮ,
1669 920 1714 962 h.
1740 935 1779 962 e.

243 988 391 1050 Πήᾷξᾭ
430 991 603 1046 (opera),
639 1006 748 1045 quae
778 991 887 1033 solet
915 991 1055 1032 facere
1086 991 1142 1032 ad
1171 990 1335 1032 victum
1365 975 1701 1047 comparandum
1739 999 1784 1034 et

240 1062 408 1103 lucrum
448 1062 716 1104 faciendum:
761 1060 893 1106 nrm:
923 1070 1069 1105 autem
1100 1061 1310 1104 latissime
1344 1069 1464 1118 patet
1494 1062 1783 1118 complectens

244 1147 527 1187 quaecunque
558 1135 611 1174 ab
641 1133 819 1176 homine
849 1134 983 1187 fiunt,
1021 1133 1285 1187 „actionem,
1319 1133 1509 1186 facinus,
1542 1133 1778 1187 laborem“,

239 1212 281 1246 et
313 1208 476 1259 ,‚opus“
507 1204 743 1247 laborando
764 1205 1025 1247 confectum.
1079 1206 1248 1259 Itaque,
1283 1205 1364 1247 etsi
1383 1205 1605 1247 neminem
1625 1204 1779 1260 fugiet,

241 1276 371 1318 etiam
400 1276 515 1318 hanc
543 1276 685 1332 legem
706 1275 897 1318 laborem
916 1283 1090 1318 tantum
1110 1283 1313 1331 spectare,
1341 1283 1518 1332 apparet
1536 1290 1627 1318 non
1645 1290 1784 1318 unum

242 1355 413 1389 tantum
443 1347 601 1390 laboris
633 1362 770 1403 genus
806 1348 882 1389 sed
913 1347 1058 1389 omnia
1098 1349 1275 1389 sabbato
1313 1348 1408 1389 fieri
1449 1347 1607 1401 vetari,
1649 1361 1784 1402 quum

231 1415 336 1480 pnffl'
381 1419 575 1474 (feriari),
624 1419 739 1473 quod
777 1426 840 1460 est
879 1418 950 1460 die
999 1419 1183 1474 septimo
1230 1420 1470 1474 agendum,
1520 1418 1783 1461 contrarium

238 1495 424 1546 ponatur
449 1490 544 1533 voci
564 1487 697 1533 76113973
717 1487 815 1533 nb&
844 1490 962 1545 (opus
982 1490 1157 1545 facere),
1191 1491 1306 1545 quod
1325 1490 1505 1544 reliquis
1524 1504 1601 1532 sex
1629 1489 1783 1531 diebus

239 1562 475 1618 negotiosis
512 1560 690 1617 (flivzfflfl
723 1568 791 1604 m*
827 1566 843 1601 1
870 1561 985 1603 Sam.
1013 1566 1081 1613 20,
1112 1563 1176 1616 19)
1212 1562 1283 1617 631
1313 1561 1573 1616 imperatum
1602 1567 1681 1602 est.

354 1633 481 1675 Nihil
510 1640 574 1675 est
603 1633 739 1689 igitur
766 1639 816 1674 ut
847 1639 1101 1684 statuamus,
1138 1632 1267 1684 „libri
1295 1632 1506 1674 foederis“
1536 1631 1655 1688 leges
1684 1638 1783 1673 tan-

239 1705 463 1747 tummodo
495 1719 622 1759 opera
643 1703 830 1759 agrestia
849 1703 1039 1745 sabbatis
1059 1703 1168 1755 fieri,
1203 1710 1278 1744 6111
1299 1717 1349 1745 66
1367 1702 1599 1758 praecipue
1618 1708 1778 1744 vetare.

240 1778 469 1818 Praeterea
508 1776 545 1817 si
584 1775 660 1817 illa
690 1774 991 1817 Wellhauseni
1027 1774 1174 1829 opinio
1216 1782 1328 1816 esset
1362 1788 1482 1826 vera,
1527 1773 1604 1828 qui
1641 1779 1785 1828 posset

240 1848 288 1888 111
334 1847 428 1889 1060
478 1846 611 1888 simili
650 1846 788 1888 Exod.
826 1850 895 1898 34,
930 1850 979 1886 21
1031 1845 1090 1898 (in
1129 1845 1225 1900 1636
1266 1845 1454 1887 foederis
1496 1844 1690 1886 renovati
1726 1867 1783 1875 ——

240 1919 828 1972 Bundeserneuerunysqesetz
846 1940 918 1970 —,
953 1931 1062 1971 quae
1091 1931 1314 1972 perperam
1342 1923 1520 1959 vocatur
1539 1915 1784 1971 Zweitqfel—

238 1996 389 2044 qesetz,
424 1989 554 2045 paulo
585 1987 948 2031 accommodatius
969 1987 1356 2044 Zweittqfelyesetz)
1393 1985 1495 2028 addi
1527 1986 1784 2037 „feriator

249 2061 462 2117 (sabbatis)
489 2068 724 2116 tempore
754 2058 944 2101 arandi
971 2066 1021 2101 et
1040 2066 1276 2115 tempore
1296 2057 1590 2100 metendi“:
1625 2072 1782 2113 nempe

241 2146 610 2188 supervacaneum
651 2138 762 2173 esset
801 2131 847 2172 id
885 2137 1055 2183 notare,
1102 2130 1139 2172 si
1179 2129 1464 2185 agricolarum
1509 2128 1782 2184 potissimum

239 2204 374 2259 quieti
405 2205 583 2246 sabbata
614 2203 812 2244 dedicata
842 2201 1066 2243 fuissent¹.

355 2277 453 2317 Hae
483 2274 620 2329 igitur
648 2273 765 2329 leges
797 2274 979 2326 docent,
1016 2272 1109 2328 jam
1138 2270 1452 2327 antiquissimis
1482 2272 1782 2313 Hebraeorum

240 2347 525 2402 temporibus,
563 2359 745 2400 quorum
773 2344 1025 2386 memoriam
1056 2344 1319 2399 investigare
1351 2356 1596 2398 possumus,
1629 2343 1783 2384 sabba-

242 2419 298 2461 tis
337 2418 504 2460 labores
542 2431 691 2459 omnes
730 2416 926 2458 omnium
968 2415 1132 2458 civium
1167 2414 1503 2457 Israeliticorum
1546 2427 1780 2467 eorumque

240 2504 458 2532 servorum
489 2503 538 2530 ac
562 2472 861 2543 jumentorum
891 2486 1159 2528 intermissos
1196 2493 1271 2527 aut
1303 2484 1474 2526 habitos
1511 2498 1600 2526 esse
1639 2483 1777 2525 inter-

240 2561 493 2603 mittendos.
569 2559 697 2604 Quod
743 2573 878 2612 quum
922 2558 1101 2600 omnino
1150 2557 1379 2599 concordet
1425 2570 1524 2598 cum
1571 2554 1781 2597 librorum

239 2630 588 2687 propheticorum
619 2629 878 2672 testimoniis
909 2637 1009 2671 ante
1046 2644 1071 2670 a
1100 2629 1226 2671 nobis
1262 2627 1539 2679 examinatis,
1575 2626 1667 2682 jam
1703 2641 1782 2681 pro

239 2703 458 2758 explorato
487 2702 646 2743 habere
675 2701 791 2743 licet.

335 2806 362 2848 1)
390 2803 497 2839 Solo
522 2809 686 2850 tempore
711 2803 838 2838 arandi
862 2808 899 2838 et
922 2802 1084 2838 metendi
1109 2802 1259 2837 sabbata
1292 2800 1367 2836 otio
1401 2799 1659 2846 distinguenda
1691 2810 1781 2841 esse,

238 2861 303 2896 illa
326 2862 436 2896 verba
459 2860 522 2896 vix
547 2860 714 2905 cuiquam
741 2859 944 2905 significare
967 2858 1200 2894 videbuntur.
