1904 3216
769 186 1137 254 -107-'

261 328 324 382 19)
363 327 518 369 Otium
549 326 822 370 sabbaticum
857 342 882 369 a
911 327 1138 383 prophetis
1169 334 1212 369 et
1242 326 1390 383 legum
1421 325 1702 382 scriptoribus

140 413 363 444 sacrorum
393 398 591 441 omnium
621 398 810 441 habetur
836 399 1095 442 maximum.
1129 422 1187 429 -
1218 403 1287 441 85.
1314 402 1383 440 86.

258 471 326 527 20)
362 472 506 514 Causa
545 470 625 514 otii
668 471 879 514 sabbatici
919 485 1091 527 semper
1130 485 1180 513 ea
1218 469 1498 526 potissimum
1537 470 1702 513 credita

143 549 223 597 est,
257 544 375 599 quod
405 544 635 586 sabbatum
667 543 760 586 dies
790 543 849 587 sit
877 543 1071 586 Jehovae
1104 556 1239 595 sacer,
1276 541 1351 597 qui
1381 541 1529 585 labore
1558 542 1705 585 homi-

140 631 251 658 num
280 615 550 673 profanetur.
585 641 640 646 —
674 620 861 658 86—88.

258 689 326 743 21)
362 687 464 730 Non
494 694 740 740 senserunt,
775 686 915 730 otium
944 686 1261 743 praescriptum
1282 685 1407 742 sequi
1427 686 1703 730 sanctitatem

140 760 312 803 sabbati
343 759 545 802 similiter
575 766 704 815 atque
742 759 928 802 aliorum
969 759 1141 802 dierum
1180 758 1389 801 festorum
1428 759 1704 801 sanctitatem

143 838 420 888 sequeretur,
470 832 546 874 sed
587 832 819 874 sabbatum
858 847 882 874 a
923 831 1142 888 principio
1184 831 1282 873 ideo
1322 844 1493 873 sacrum
1538 830 1703 874 factum

141 919 247 958 esse,
284 911 345 947 ut
374 910 486 946 esset
517 902 610 946 dies
640 903 734 946 otii.
767 928 825 934 -
857 907 926 946 88.

259 977 325 1032 22)
362 977 486 1018 Deus
520 975 643 1018 nullo
675 982 868 1032 tempore
908 978 963 1019 ab
994 974 1207 1018 Israelitis
1245 974 1435 1017 creditus
1476 982 1540 1017 est
1579 989 1706 1031 prae-

141 1048 270 1105 cipue
319 1047 483 1091 idcirco
534 1047 771 1103 septimum
819 1062 1037 1103 quemque
1088 1047 1205 1090 diem
1252 1048 1482 1089 sabbatum
1532 1046 1710 1100 fecisse,

141 1127 192 1163 ut
232 1120 369 1164 servis
410 1128 454 1163 et
484 1120 699 1176 jumentis
737 1119 1042 1175 requiescendi
1081 1119 1266 1162 facultas
1307 1119 1498 1173 daretur,
1541 1119 1619 1162 sed
1655 1127 1706 1162 ut

142 1192 284 1249 ipsius
315 1192 408 1235 dies
439 1199 585 1235 essent
621 1199 796 1248 propter
833 1192 1043 1248 pietatem
1082 1192 1177 1235 Deo
1218 1190 1411 1234 debitam
1449 1190 1705 1234 hominibus

142 1264 417 1308 celebranda.
450 1290 508 1296 -—-
539 1268 725 1307 88—91.

262 1337 329 1393 23)
366 1337 548 1393 Semper
586 1350 687 1379 vero
727 1335 1031 1391 crediderunt,
1076 1336 1208 1380 simul
1238 1339 1265 1380 J
1268 1338 1430 1381 ehovae
1472 1335 1706 1381 consilium

144 1408 302 1462 fuisse,
357 1417 407 1452 ut
450 1409 592 1451 otium
639 1408 913 1451 sabbaticum
956 1408 1214 1452 hominibus
1257 1410 1404 1452 labore
1450 1407 1706 1463 quotidiano

142 1481 316 1537 pressis,
350 1480 540 1523 maxime
570 1479 705 1522 servis
736 1482 795 1535 (et
818 1480 1069 1536 jumentis),
1104 1481 1207 1524 usui
1228 1488 1358 1524 esset.
1413 1480 1516 1523 Non
1536 1494 1707 1523 merum

144 1552 341 1595 officium
370 1552 499 1605 illud,
534 1553 610 1594 sed
631 1551 766 1594 etiam
786 1553 1051 1597 beneficium
1073 1553 1416 1596 existimabatur.
1448 1577 1507 1583 -
1537 1556 1606 1593 91.
1634 1556 1703 1593 92.

260 1624 329 1680 24)
364 1625 607 1679 Utramque
636 1638 728 1667 rem
759 1625 1065 1681 complectitur
1095 1625 1206 1668 ratio
1237 1625 1318 1668 otii
1355 1623 1568 1667 sabbatici
1607 1638 1709 1680 pro-

143 1696 286 1753 posita
315 1696 364 1738 in
394 1696 530 1739 altera
559 1703 683 1752 parte
713 1696 823 1753 legis
853 1698 1115 1752 sabbatieae,
1151 1712 1281 1752 quam
1301 1696 1443 1739 Exodi
1474 1695 1708 1752 decalogus

142 1768 277 1812 habet
308 1769 402 1824 (Ex,
429 1772 499 1822 20,
530 1770 615 1822 11),
651 1775 695 1810 et
725 1768 920 1812 officium
951 1778 995 1813 et
1022 1769 1288 1812 beneficium
1319 1783 1412 1811 esse
1443 1768 1583 1811 otium
1609 1769 1710 1810 sab-

142 1841 339 1884 baticum
369 1840 638 1896 significans.
672 1866 730 1872 ——
762 1846 948 1884 92—93.

264 1914 328 1968 25)
367 1911 514 1955 Etiam
533 1913 867 1956 Deuteronomii
889 1914 1072 1971 scriptor
1101 1913 1270 1957 ratione
1300 1913 1379 1956 otii
1410 1913 1624 1956 sabbatici
1653 1914 1707 1955 ab

145 1984 239 2041 ipso
270 1984 403 2027 allata
431 1991 667 2040 utrumque
696 1985 844 2041 ponit,
888 1994 933 2029 et
970 1986 1165 2029 officium
1206 2000 1300 2029 esse
1339 1985 1452 2028 illud
1491 1993 1535 2028 et
1571 1986 1708 2028 bene-

145 2058 279 2100 cium.
312 2081 370 2088 —
406 2061 501 2098 100.

264 2129 331 2183 26)
369 2129 600 2172 Probabile
633 2137 716 2182 est,
762 2130 975 2172 rationem
1015 2131 1063 2172 in
1105 2131 1311 2190 decalogo
1342 2132 1486 2176 Exodi
1522 2131 1710 2188 positam

147 2200 482 2244 Deuteronomii
511 2200 713 2257 scriptori
743 2209 894 2245 notam
923 2202 1059 2246 fuisse
1091 2211 1135 2246 et
1165 2206 1220 2247 ab
1261 2219 1311 2248 eo
1342 2204 1542 2248 consulto
1575 2203 1711 2248 omis-

147 2287 242 2316 sam
278 2286 386 2326 esse,
420 2280 472 2315 ut
501 2272 682 2316 alterius
713 2274 858 2317 locum
888 2274 1081 2318 haberet.
1115 2300 1173 2307 —-
1206 2281 1391 2319 94—97.

267 2346 336 2400 27)
373 2344 533 2397 „Liber
561 2345 834 2388 sanctitatis“
866 2345 911 2388 id
941 2347 1221 2402 potissimum
1250 2349 1485 2405 praedicat,
1531 2351 1711 2393 sabbata

148 2430 244 2460 esse
274 2417 367 2460 dies
397 2416 590 2460 Jehovae
621 2432 779 2471 sacros,
816 2417 976 2473 quibus
996 2419 1251 2464 hominibus
1270 2422 1449 2479 negotia
1470 2437 1550 2465 sua
1570 2422 1711 2465 facere

147 2503 240 2531 non
268 2488 418 2532 liceat:
455 2503 587 2544 quam
618 2489 822 2532 omnibus
854 2491 1122 2546 temporibus
1158 2493 1448 2550 principalem
1489 2494 1569 2537 otii
1611 2496 1712 2538 sab-

148 2559 285 2603 batici
315 2575 490 2604 causam
519 2562 715 2605 habitam
746 2576 838 2605 esse
868 2553 971 2605 ante
1000 2564 1245 2619 posuimus.
1278 2591 1336 2597 —
1372 2571 1467 2608 100.
1498 2572 1592 2610 101.

268 2640 334 2694 28)
373 2638 458 2681 Cui
487 2639 550 2682 rei
581 2639 820 2693 consentit,
863 2642 980 2695 quod
1010 2641 1058 2683 in
1089 2642 1176 2702 illo¹
1196 2643 1308 2686 libro
1337 2643 1529 2699 ponitur,
1565 2646 1712 2688 Deum

153 2723 205 2752 eo
234 2709 419 2752 consilio
449 2712 629 2754 sabbata
659 2711 920 2766 instituisse,
955 2719 1005 2755 ut
1025 2714 1252 2758 Israelitae
1283 2716 1373 2758 otio
1405 2716 1499 2759 dies
1519 2717 1713 2761 Jehovae

152 2795 296 2824 sacros
336 2789 484 2824 sancte
529 2790 710 2838 agentes
759 2785 1061 2839 ostenderent,
1117 2787 1331 2830 Jehovam
1380 2788 1498 2845 ipsos
1548 2790 1714 2833 sancti-

149 2853 293 2896 ficare.
330 2879 384 2885 —
419 2859 513 2896 101.
