<?xml version="1.0" encoding="UTF-8"?>
<!DOCTYPE html PUBLIC "-//W3C//DTD XHTML 1.0 Transitional//EN"
    "http://www.w3.org/TR/xhtml1/DTD/xhtml1-transitional.dtd">
<html xmlns="http://www.w3.org/1999/xhtml" xml:lang="en" lang="en">
 <head>
  <title>
</title>
<meta http-equiv="Content-Type" content="text/html;charset=utf-8" />
  <meta name='ocr-system' content='tesseract 3.04.00' />
  <meta name='ocr-capabilities' content='ocr_page ocr_carea ocr_par ocr_line ocrx_word'/>
</head>
<body>
  <div class='ocr_page' id='page_1' title='image "./quaestionesdehis00lotzuoft_0046.png"; bbox 0 0 1904 3216; ppageno 0'>
   <div class='ocr_carea' id='block_1_1' title="bbox 847 221 1130 262">
    <p class='ocr_par' dir='ltr' id='par_1_1' title="bbox 847 221 1130 262">
     <span class='ocr_line' id='line_1_1' title="bbox 847 221 1130 262; baseline 0 -12"><span class='ocrx_word' id='word_1_1' title='bbox 847 221 1130 262; x_wconf 79' lang='grc'>-38-</span> 
     </span>
    </p>
   </div>
   <div class='ocr_carea' id='block_1_2' title="bbox 222 331 1759 884">
    <p class='ocr_par' dir='ltr' id='par_1_2' title="bbox 222 331 1759 884">
     <span class='ocr_line' id='line_1_2' title="bbox 339 331 1758 388; baseline 0 -13"><span class='ocrx_word' id='word_1_2' title='bbox 339 334 470 375; x_wconf 92' lang='lat' dir='ltr'><strong>Nunc</strong></span> <span class='ocrx_word' id='word_1_3' title='bbox 499 332 735 384; x_wconf 87' lang='lat' dir='ltr'><strong>videamus,</strong></span> <span class='ocrx_word' id='word_1_4' title='bbox 771 331 961 387; x_wconf 89' lang='lat' dir='ltr'><strong>possitne</strong></span> <span class='ocrx_word' id='word_1_5' title='bbox 992 332 1213 387; x_wconf 82' lang='lat' dir='ltr'>cognosci,</span> <span class='ocrx_word' id='word_1_6' title='bbox 1255 347 1362 374; x_wconf 91' lang='lat' dir='ltr'><strong>num</strong></span> <span class='ocrx_word' id='word_1_7' title='bbox 1399 339 1536 375; x_wconf 90' lang='lat' dir='ltr'><strong>certus</strong></span> <span class='ocrx_word' id='word_1_8' title='bbox 1583 332 1758 388; x_wconf 85' lang='lat' dir='ltr'><strong>(primus</strong></span> 
     </span>
     <span class='ocr_line' id='line_1_3' title="bbox 226 402 1758 460; baseline 0 -14"><span class='ocrx_word' id='word_1_9' title='bbox 226 413 300 447; x_wconf 89' lang='lat' dir='ltr'><strong>aut</strong></span> <span class='ocrx_word' id='word_1_10' title='bbox 329 405 524 460; x_wconf 85' lang='lat' dir='ltr'><strong>ultimus)</strong></span> <span class='ocrx_word' id='word_1_11' title='bbox 563 403 654 445; x_wconf 88' lang='lat' dir='ltr'><strong>dies</strong></span> <span class='ocrx_word' id='word_1_12' title='bbox 691 402 974 445; x_wconf 89' lang='lat' dir='ltr'><strong>hebdomadis</strong></span> <span class='ocrx_word' id='word_1_13' title='bbox 1004 403 1170 444; x_wconf 88' lang='lat' dir='ltr'><strong>lunaris</strong></span> <span class='ocrx_word' id='word_1_14' title='bbox 1198 402 1330 444; x_wconf 86' lang='lat' dir='ltr'><strong>fuerit</strong></span> <span class='ocrx_word' id='word_1_15' title='bbox 1357 404 1597 446; x_wconf 86' lang='lat' dir='ltr'><strong>sabbatum.</strong></span> <span class='ocrx_word' id='word_1_16' title='bbox 1659 405 1758 446; x_wconf 85' lang='lat' dir='ltr'><strong>Una</strong></span> 
     </span>
     <span class='ocr_line' id='line_1_4' title="bbox 224 473 1757 529; baseline -0.001 -11"><span class='ocrx_word' id='word_1_17' title='bbox 224 484 395 518; x_wconf 85' lang='lat' dir='ltr'><strong>tantum</strong></span> <span class='ocrx_word' id='word_1_18' title='bbox 426 476 480 517; x_wconf 88' lang='lat' dir='ltr'><strong>ad</strong></span> <span class='ocrx_word' id='word_1_19' title='bbox 508 475 622 515; x_wconf 90' lang='lat' dir='ltr'><strong>hanc</strong></span> <span class='ocrx_word' id='word_1_20' title='bbox 653 474 950 528; x_wconf 87' lang='lat' dir='ltr'><strong>quaestionem</strong></span> <span class='ocrx_word' id='word_1_21' title='bbox 988 489 1041 516; x_wconf 83' lang='lat' dir='ltr'><strong>ex</strong></span> <span class='ocrx_word' id='word_1_22' title='bbox 1069 473 1230 515; x_wconf 86' lang='lat' dir='ltr'><strong>tabulis</strong></span> <span class='ocrx_word' id='word_1_23' title='bbox 1270 474 1442 529; x_wconf 80' lang='lat' dir='ltr'>assyriis</span> <span class='ocrx_word' id='word_1_24' title='bbox 1471 475 1613 517; x_wconf 89' lang='lat' dir='ltr'><strong>adhuc</strong></span> <span class='ocrx_word' id='word_1_25' title='bbox 1640 475 1757 517; x_wconf 85' lang='lat' dir='ltr'><strong>notis</strong></span> 
     </span>
     <span class='ocr_line' id='line_1_5' title="bbox 223 544 1759 602; baseline -0.001 -14"><span class='ocrx_word' id='word_1_26' title='bbox 223 547 425 602; x_wconf 83' lang='lat' dir='ltr'><strong>pertinet,</strong></span> <span class='ocrx_word' id='word_1_27' title='bbox 462 559 512 587; x_wconf 89' lang='lat' dir='ltr'><strong>ea</strong></span> <span class='ocrx_word' id='word_1_28' title='bbox 542 559 650 598; x_wconf 89' lang='lat' dir='ltr'><strong>quae</strong></span> <span class='ocrx_word' id='word_1_29' title='bbox 681 545 744 586; x_wconf 93' lang='lat' dir='ltr'><strong>IV</strong></span> <span class='ocrx_word' id='word_1_30' title='bbox 764 545 806 585; x_wconf 84' lang='lat' dir='ltr'>R</span> <span class='ocrx_word' id='word_1_31' title='bbox 828 549 898 586; x_wconf 88' lang='lat'><strong>32.</strong></span> <span class='ocrx_word' id='word_1_32' title='bbox 924 549 974 586; x_wconf 87' lang='grc'><strong>33</strong></span> <span class='ocrx_word' id='word_1_33' title='bbox 1007 544 1220 599; x_wconf 86' lang='lat' dir='ltr'><strong>exscripta</strong></span> <span class='ocrx_word' id='word_1_34' title='bbox 1254 551 1331 586; x_wconf 89' lang='lat' dir='ltr'><strong>est.</strong></span> <span class='ocrx_word' id='word_1_35' title='bbox 1399 545 1477 588; x_wconf 89' lang='lat' dir='ltr'><strong>Est</strong></span> <span class='ocrx_word' id='word_1_36' title='bbox 1515 552 1664 588; x_wconf 85' lang='lat' dir='ltr'><strong>octava</strong></span> <span class='ocrx_word' id='word_1_37' title='bbox 1704 559 1759 588; x_wconf 85' lang='lat' dir='ltr'><strong>ex</strong></span> 
     </span>
     <span class='ocr_line' id='line_1_6' title="bbox 223 615 1758 672; baseline 0.001 -14"><span class='ocrx_word' id='word_1_38' title='bbox 223 617 332 658; x_wconf 87' lang='lat' dir='ltr'><strong>serie</strong></span> <span class='ocrx_word' id='word_1_39' title='bbox 381 616 651 668; x_wconf 76' lang='lat' dir='ltr'><strong>tabularum,</strong></span> <span class='ocrx_word' id='word_1_40' title='bbox 708 630 815 669; x_wconf 90' lang='lat' dir='ltr'><strong>quae</strong></span> <span class='ocrx_word' id='word_1_41' title='bbox 860 615 991 658; x_wconf 87' lang='lat' dir='ltr'><strong>fastos</strong></span> <span class='ocrx_word' id='word_1_42' title='bbox 1041 615 1224 670; x_wconf 87' lang='lat' dir='ltr'><strong>assyrios</strong></span> <span class='ocrx_word' id='word_1_43' title='bbox 1279 616 1587 658; x_wconf 82' lang='lat' dir='ltr'><strong>continebant.‘</strong></span> <span class='ocrx_word' id='word_1_44' title='bbox 1657 617 1758 672; x_wconf 85' lang='lat' dir='ltr'><strong>Ipsa</strong></span> 
     </span>
     <span class='ocr_line' id='line_1_7' title="bbox 224 686 1756 729; baseline 0 0"><span class='ocrx_word' id='word_1_45' title='bbox 224 687 401 729; x_wconf 84' lang='lat' dir='ltr'><strong>exhibet</strong></span> <span class='ocrx_word' id='word_1_46' title='bbox 425 687 557 729; x_wconf 87' lang='lat' dir='ltr'><strong>fastos</strong></span> <span class='ocrx_word' id='word_1_47' title='bbox 578 687 739 728; x_wconf 83' lang='lat' dir='ltr'><strong>mensis</strong></span> <span class='ocrx_word' id='word_1_48' title='bbox 761 686 1026 729; x_wconf 85' lang='lat' dir='ltr'><strong>intercalaris</strong></span> <span class='ocrx_word' id='word_1_49' title='bbox 1047 686 1166 728; x_wconf 90' lang='lat' dir='ltr'><strong>Eluli</strong></span> <span class='ocrx_word' id='word_1_50' title='bbox 1187 686 1362 728; x_wconf 88' lang='lat' dir='ltr'><strong>alterius</strong></span> <span class='ocrx_word' id='word_1_51' title='bbox 1376 689 1403 727; x_wconf 85' lang='lat'><strong>¹.</strong></span> <span class='ocrx_word' id='word_1_52' title='bbox 1447 687 1600 729; x_wconf 83' lang='lat' dir='ltr'><strong>Totam</strong></span> <span class='ocrx_word' id='word_1_53' title='bbox 1619 686 1756 729; x_wconf 86' lang='lat' dir='ltr'><strong>literis</strong></span> 
     </span>
     <span class='ocr_line' id='line_1_8' title="bbox 223 757 1758 814; baseline 0.001 -16"><span class='ocrx_word' id='word_1_54' title='bbox 223 758 371 800; x_wconf 89' lang='lat' dir='ltr'><strong>latinis</strong></span> <span class='ocrx_word' id='word_1_55' title='bbox 401 757 700 813; x_wconf 86' lang='lat' dir='ltr'><strong>transcriptam</strong></span> <span class='ocrx_word' id='word_1_56' title='bbox 737 764 780 799; x_wconf 88' lang='lat' dir='ltr'><strong>et</strong></span> <span class='ocrx_word' id='word_1_57' title='bbox 813 757 860 799; x_wconf 91' lang='lat' dir='ltr'><strong>in</strong></span> <span class='ocrx_word' id='word_1_58' title='bbox 890 758 1085 814; x_wconf 88' lang='lat' dir='ltr'><strong>linguam</strong></span> <span class='ocrx_word' id='word_1_59' title='bbox 1114 757 1294 799; x_wconf 89' lang='lat' dir='ltr'><strong>latinam</strong></span> <span class='ocrx_word' id='word_1_60' title='bbox 1323 772 1488 799; x_wconf 90' lang='lat' dir='ltr'><strong>versam</strong></span> <span class='ocrx_word' id='word_1_61' title='bbox 1527 758 1600 800; x_wconf 92' lang='lat' dir='ltr'><strong>hic</strong></span> <span class='ocrx_word' id='word_1_62' title='bbox 1631 757 1758 813; x_wconf 86' lang='lat' dir='ltr'><strong>juvat</strong></span> 
     </span>
     <span class='ocr_line' id='line_1_9' title="bbox 222 843 481 884; baseline 0 -15"><span class='ocrx_word' id='word_1_63' title='bbox 222 843 481 884; x_wconf 87' lang='lat' dir='ltr'><strong>proponere:</strong></span> 
     </span>
    </p>
   </div>
   <div class='ocr_carea' id='block_1_3' title="bbox 228 911 493 916">
    <p class='ocr_par' dir='ltr' id='par_1_3' title="bbox 228 911 493 916">
     <span class='ocr_line' id='line_1_10' title="bbox 228 911 493 916; baseline 0 0"><span class='ocrx_word' id='word_1_64' title='bbox 228 911 493 916; x_wconf 95' lang='lat' dir='ltr'><strong> </strong></span> 
     </span>
    </p>
   </div>
   <div class='ocr_carea' id='block_1_4' title="bbox 221 931 1763 2292">
    <p class='ocr_par' dir='ltr' id='par_1_4' title="bbox 221 931 1763 2292">
     <span class='ocr_line' id='line_1_11' title="bbox 319 931 1761 988; baseline 0.003 -13"><span class='ocrx_word' id='word_1_65' title='bbox 319 943 348 983; x_wconf 93' lang='grc'><strong>1)</strong></span> <span class='ocrx_word' id='word_1_66' title='bbox 377 941 528 977; x_wconf 82' lang='lat' dir='ltr'><strong>Constat</strong></span> <span class='ocrx_word' id='word_1_67' title='bbox 552 940 772 988; x_wconf 83' lang='lat' dir='ltr'><strong>Babylonios</strong></span> <span class='ocrx_word' id='word_1_68' title='bbox 796 941 982 977; x_wconf 90' lang='lat' dir='ltr'><strong>mensibus</strong></span> <span class='ocrx_word' id='word_1_69' title='bbox 1003 940 1193 976; x_wconf 84' lang='lat' dir='ltr'><strong>lunaribus</strong></span> <span class='ocrx_word' id='word_1_70' title='bbox 1218 940 1400 988; x_wconf 81' lang='lat' dir='ltr'><strong>synodicis</strong></span> <span class='ocrx_word' id='word_1_71' title='bbox 1432 947 1467 977; x_wconf 87' lang='lat' dir='ltr'><strong>et</strong></span> <span class='ocrx_word' id='word_1_72' title='bbox 1495 941 1600 977; x_wconf 88' lang='lat' dir='ltr'><strong>annis</strong></span> <span class='ocrx_word' id='word_1_73' title='bbox 1629 931 1761 979; x_wconf 81' lang='lat' dir='ltr'><strong>solari-</strong></span> 
     </span>
     <span class='ocr_line' id='line_1_12' title="bbox 221 997 1758 1044; baseline 0.003 -12"><span class='ocrx_word' id='word_1_74' title='bbox 221 998 292 1033; x_wconf 89' lang='lat' dir='ltr'><strong>bus</strong></span> <span class='ocrx_word' id='word_1_75' title='bbox 315 1009 401 1033; x_wconf 91' lang='lat' dir='ltr'><strong>usos</strong></span> <span class='ocrx_word' id='word_1_76' title='bbox 425 1009 514 1034; x_wconf 90' lang='lat' dir='ltr'><strong>esse.</strong></span> <span class='ocrx_word' id='word_1_77' title='bbox 555 997 789 1044; x_wconf 85' lang='lat' dir='ltr'><strong>Singulorum</strong></span> <span class='ocrx_word' id='word_1_78' title='bbox 811 997 991 1033; x_wconf 84' lang='lat' dir='ltr'><strong>mensium</strong></span> <span class='ocrx_word' id='word_1_79' title='bbox 1013 997 1195 1033; x_wconf 85' lang='lat' dir='ltr'><strong>lunarium</strong></span> <span class='ocrx_word' id='word_1_80' title='bbox 1219 1002 1304 1032; x_wconf 89' lang='lat' dir='ltr'><strong>sunt</strong></span> <span class='ocrx_word' id='word_1_81' title='bbox 1327 998 1443 1033; x_wconf 82' lang='lat' dir='ltr'><strong>exacti</strong></span> <span class='ocrx_word' id='word_1_82' title='bbox 1466 998 1607 1034; x_wconf 86' lang='lat' dir='ltr'><strong>numeri</strong></span> <span class='ocrx_word' id='word_1_83' title='bbox 1629 998 1758 1036; x_wconf 90' lang='lat' dir='ltr'><strong>XXIX</strong></span> 
     </span>
     <span class='ocr_line' id='line_1_13' title="bbox 225 1053 1760 1100; baseline 0.003 -12"><span class='ocrx_word' id='word_1_84' title='bbox 225 1053 364 1088; x_wconf 89' lang='lat' dir='ltr'><strong>dierum</strong></span> <span class='ocrx_word' id='word_1_85' title='bbox 392 1054 471 1089; x_wconf 87' lang='lat' dir='ltr'><strong>XII</strong></span> <span class='ocrx_word' id='word_1_86' title='bbox 499 1054 671 1090; x_wconf 88' lang='lat' dir='ltr'><strong>horarum</strong></span> <span class='ocrx_word' id='word_1_87' title='bbox 698 1054 823 1089; x_wconf 88' lang='lat' dir='ltr'><strong>XLIV</strong></span> <span class='ocrx_word' id='word_1_88' title='bbox 855 1054 1176 1100; x_wconf 83' lang='lat' dir='ltr'><strong>sexagesimarum:</strong></span> <span class='ocrx_word' id='word_1_89' title='bbox 1212 1054 1251 1089; x_wconf 91' lang='lat' dir='ltr'><strong>in</strong></span> <span class='ocrx_word' id='word_1_90' title='bbox 1282 1066 1505 1090; x_wconf 90' lang='lat' dir='ltr'><strong>communem</strong></span> <span class='ocrx_word' id='word_1_91' title='bbox 1534 1055 1631 1091; x_wconf 82' lang='lat' dir='ltr'><strong>vitae</strong></span> <span class='ocrx_word' id='word_1_92' title='bbox 1654 1066 1760 1092; x_wconf 80' lang='lat' dir='ltr'><strong>usum</strong></span> 
     </span>
     <span class='ocr_line' id='line_1_14' title="bbox 223 1110 1759 1154; baseline 0.002 -9"><span class='ocrx_word' id='word_1_93' title='bbox 223 1110 282 1146; x_wconf 89' lang='lat' dir='ltr'><strong>his</strong></span> <span class='ocrx_word' id='word_1_94' title='bbox 306 1110 492 1146; x_wconf 87' lang='lat' dir='ltr'><strong>mensibus</strong></span> <span class='ocrx_word' id='word_1_95' title='bbox 516 1110 667 1146; x_wconf 82' lang='lat' dir='ltr'><strong>alternis</strong></span> <span class='ocrx_word' id='word_1_96' title='bbox 690 1110 821 1146; x_wconf 90' lang='lat' dir='ltr'><strong>XXIX</strong></span> <span class='ocrx_word' id='word_1_97' title='bbox 847 1115 909 1146; x_wconf 86' lang='lat' dir='ltr'><strong>aut</strong></span> <span class='ocrx_word' id='word_1_98' title='bbox 932 1110 1043 1146; x_wconf 92' lang='lat' dir='ltr'><strong>XXX</strong></span> <span class='ocrx_word' id='word_1_99' title='bbox 1069 1113 1121 1154; x_wconf 91' lang='lat'><strong>(—</strong></span> <span class='ocrx_word' id='word_1_100' title='bbox 1147 1111 1330 1146; x_wconf 86' lang='lat' dir='ltr'><strong>interdum</strong></span> <span class='ocrx_word' id='word_1_101' title='bbox 1353 1110 1505 1146; x_wconf 83' lang='lat' dir='ltr'><strong>rationis</strong></span> <span class='ocrx_word' id='word_1_102' title='bbox 1528 1111 1759 1148; x_wconf 80' lang='lat' dir='ltr'><strong>consolidan-</strong></span> 
     </span>
     <span class='ocr_line' id='line_1_15' title="bbox 225 1167 1758 1213; baseline 0.002 -11"><span class='ocrx_word' id='word_1_103' title='bbox 225 1167 291 1202; x_wconf 85' lang='lat' dir='ltr'><strong>dae</strong></span> <span class='ocrx_word' id='word_1_104' title='bbox 316 1178 423 1202; x_wconf 87' lang='lat' dir='ltr'><strong>causa</strong></span> <span class='ocrx_word' id='word_1_105' title='bbox 447 1167 518 1203; x_wconf 89' lang='lat' dir='ltr'><strong>duo</strong></span> <span class='ocrx_word' id='word_1_106' title='bbox 542 1178 684 1204; x_wconf 88' lang='lat' dir='ltr'><strong>menses</strong></span> <span class='ocrx_word' id='word_1_107' title='bbox 708 1167 901 1203; x_wconf 85' lang='lat' dir='ltr'><strong>continuos</strong></span> <span class='ocrx_word' id='word_1_108' title='bbox 923 1167 1102 1202; x_wconf 82' lang='lat' dir='ltr'><strong>tricenum</strong></span> <span class='ocrx_word' id='word_1_109' title='bbox 1126 1167 1266 1202; x_wconf 84' lang='lat' dir='ltr'><strong>dierum</strong></span> <span class='ocrx_word' id='word_1_110' title='bbox 1289 1167 1403 1203; x_wconf 84' lang='lat' dir='ltr'><strong>statui</strong></span> <span class='ocrx_word' id='word_1_111' title='bbox 1433 1178 1578 1204; x_wconf 82' lang='lat' dir='ltr'><strong>necesse</strong></span> <span class='ocrx_word' id='word_1_112' title='bbox 1605 1167 1678 1205; x_wconf 76' lang='lat' dir='ltr'><strong>fuit</strong></span> <span class='ocrx_word' id='word_1_113' title='bbox 1698 1171 1758 1213; x_wconf 86' lang='lat'><strong>-)</strong></span> 
     </span>
     <span class='ocr_line' id='line_1_16' title="bbox 226 1223 1758 1271; baseline 0.003 -13"><span class='ocrx_word' id='word_1_114' title='bbox 226 1224 304 1259; x_wconf 88' lang='lat' dir='ltr'><strong>dies</strong></span> <span class='ocrx_word' id='word_1_115' title='bbox 327 1224 443 1268; x_wconf 76' lang='lat' dir='ltr'><strong>tribui</strong></span> <span class='ocrx_word' id='word_1_116' title='bbox 465 1225 638 1271; x_wconf 86' lang='lat' dir='ltr'><strong>oportuit.</strong></span> <span class='ocrx_word' id='word_1_117' title='bbox 686 1225 817 1270; x_wconf 89' lang='lat' dir='ltr'><strong>Itaque</strong></span> <span class='ocrx_word' id='word_1_118' title='bbox 841 1223 917 1258; x_wconf 91' lang='lat' dir='ltr'><strong>XII</strong></span> <span class='ocrx_word' id='word_1_119' title='bbox 948 1223 1126 1259; x_wconf 87' lang='lat' dir='ltr'><strong>mensium</strong></span> <span class='ocrx_word' id='word_1_120' title='bbox 1155 1223 1339 1259; x_wconf 89' lang='lat' dir='ltr'><strong>lunarium</strong></span> <span class='ocrx_word' id='word_1_121' title='bbox 1369 1224 1527 1270; x_wconf 89' lang='lat' dir='ltr'><strong>spatium</strong></span> <span class='ocrx_word' id='word_1_122' title='bbox 1556 1225 1700 1262; x_wconf 83' lang='lat' dir='ltr'><strong>circiter</strong></span> <span class='ocrx_word' id='word_1_123' title='bbox 1722 1225 1758 1261; x_wconf 93' lang='lat' dir='ltr'><strong>X</strong></span> 
     </span>
     <span class='ocr_line' id='line_1_17' title="bbox 226 1280 1760 1326; baseline 0.003 -12"><span class='ocrx_word' id='word_1_124' title='bbox 226 1280 353 1315; x_wconf 87' lang='lat' dir='ltr'><strong>diebus</strong></span> <span class='ocrx_word' id='word_1_125' title='bbox 377 1280 470 1316; x_wconf 93' lang='lat' dir='ltr'><strong>XXI</strong></span> <span class='ocrx_word' id='word_1_126' title='bbox 493 1280 593 1316; x_wconf 85' lang='lat' dir='ltr'><strong>horis</strong></span> <span class='ocrx_word' id='word_1_127' title='bbox 616 1281 763 1317; x_wconf 89' lang='lat' dir='ltr'><strong>brevius</strong></span> <span class='ocrx_word' id='word_1_128' title='bbox 787 1286 843 1316; x_wconf 89' lang='lat' dir='ltr'><strong>est</strong></span> <span class='ocrx_word' id='word_1_129' title='bbox 867 1292 974 1326; x_wconf 86' lang='lat' dir='ltr'><strong>quam</strong></span> <span class='ocrx_word' id='word_1_130' title='bbox 998 1292 1114 1316; x_wconf 87' lang='lat' dir='ltr'><strong>annus</strong></span> <span class='ocrx_word' id='word_1_131' title='bbox 1139 1280 1277 1323; x_wconf 88' lang='lat' dir='ltr'><strong>solaris,</strong></span> <span class='ocrx_word' id='word_1_132' title='bbox 1306 1280 1352 1315; x_wconf 90' lang='lat' dir='ltr'><strong>ad</strong></span> <span class='ocrx_word' id='word_1_133' title='bbox 1376 1292 1482 1326; x_wconf 88' lang='lat' dir='ltr'><strong>quem</strong></span> <span class='ocrx_word' id='word_1_134' title='bbox 1497 1281 1680 1318; x_wconf 80' lang='lat' dir='ltr'><strong>defectum</strong></span> <span class='ocrx_word' id='word_1_135' title='bbox 1695 1294 1760 1318; x_wconf 87' lang='lat' dir='ltr'><strong>ex-</strong></span> 
     </span>
     <span class='ocr_line' id='line_1_18' title="bbox 225 1336 1760 1386; baseline 0.003 -15"><span class='ocrx_word' id='word_1_136' title='bbox 225 1336 399 1383; x_wconf 88' lang='lat' dir='ltr'><strong>plendum</strong></span> <span class='ocrx_word' id='word_1_137' title='bbox 419 1337 604 1373; x_wconf 87' lang='lat' dir='ltr'><strong>interdum</strong></span> <span class='ocrx_word' id='word_1_138' title='bbox 627 1337 758 1372; x_wconf 87' lang='lat' dir='ltr'><strong>tertius</strong></span> <span class='ocrx_word' id='word_1_139' title='bbox 782 1337 941 1373; x_wconf 88' lang='lat' dir='ltr'><strong>decimus</strong></span> <span class='ocrx_word' id='word_1_140' title='bbox 965 1337 1099 1373; x_wconf 83' lang='lat' dir='ltr'><strong>mensis</strong></span> <span class='ocrx_word' id='word_1_141' title='bbox 1131 1349 1224 1372; x_wconf 89' lang='lat' dir='ltr'><strong>anno</strong></span> <span class='ocrx_word' id='word_1_142' title='bbox 1255 1336 1482 1383; x_wconf 82' lang='lat' dir='ltr'><strong>adjiciendus</strong></span> <span class='ocrx_word' id='word_1_143' title='bbox 1506 1342 1593 1374; x_wconf 89' lang='lat' dir='ltr'><strong>erat.</strong></span> <span class='ocrx_word' id='word_1_144' title='bbox 1639 1341 1760 1386; x_wconf 84' lang='lat' dir='ltr'><strong>Atque</strong></span> 
     </span>
     <span class='ocr_line' id='line_1_19' title="bbox 226 1393 1762 1441; baseline 0.003 -13"><span class='ocrx_word' id='word_1_145' title='bbox 226 1405 337 1439; x_wconf 93' lang='lat' dir='ltr'><strong>quum</strong></span> <span class='ocrx_word' id='word_1_146' title='bbox 360 1393 556 1440; x_wconf 86' lang='lat' dir='ltr'><strong>Babylonii</strong></span> <span class='ocrx_word' id='word_1_147' title='bbox 578 1393 686 1429; x_wconf 87' lang='lat' dir='ltr'><strong>lunae</strong></span> <span class='ocrx_word' id='word_1_148' title='bbox 710 1398 831 1430; x_wconf 86' lang='lat' dir='ltr'><strong>motus</strong></span> <span class='ocrx_word' id='word_1_149' title='bbox 851 1398 927 1429; x_wconf 89' lang='lat' dir='ltr'><strong>tam</strong></span> <span class='ocrx_word' id='word_1_150' title='bbox 951 1398 1116 1429; x_wconf 83' lang='lat' dir='ltr'><strong>accurate</strong></span> <span class='ocrx_word' id='word_1_151' title='bbox 1139 1393 1381 1436; x_wconf 83' lang='lat' dir='ltr'><strong>observarint,</strong></span> <span class='ocrx_word' id='word_1_152' title='bbox 1415 1398 1457 1429; x_wconf 91' lang='lat' dir='ltr'><strong>ut</strong></span> <span class='ocrx_word' id='word_1_153' title='bbox 1480 1394 1561 1441; x_wconf 88' lang='lat' dir='ltr'><strong>ejus</strong></span> <span class='ocrx_word' id='word_1_154' title='bbox 1585 1395 1762 1432; x_wconf 79' lang='lat' dir='ltr'><strong>defectio-</strong></span> 
     </span>
     <span class='ocr_line' id='line_1_20' title="bbox 226 1450 1760 1498; baseline 0.003 -14"><span class='ocrx_word' id='word_1_155' title='bbox 226 1461 291 1486; x_wconf 87' lang='lat' dir='ltr'><strong>nes</strong></span> <span class='ocrx_word' id='word_1_156' title='bbox 314 1450 522 1496; x_wconf 83' lang='lat' dir='ltr'><strong>praedicere</strong></span> <span class='ocrx_word' id='word_1_157' title='bbox 546 1451 747 1496; x_wconf 83' lang='lat' dir='ltr'><strong>potuerint;</strong></span> <span class='ocrx_word' id='word_1_158' title='bbox 775 1462 888 1496; x_wconf 90' lang='lat' dir='ltr'><strong>quum</strong></span> <span class='ocrx_word' id='word_1_159' title='bbox 915 1450 1049 1486; x_wconf 88' lang='lat' dir='ltr'><strong>mensis</strong></span> <span class='ocrx_word' id='word_1_160' title='bbox 1082 1450 1247 1497; x_wconf 77' lang='lat' dir='ltr'><strong>synodici</strong></span> <span class='ocrx_word' id='word_1_161' title='bbox 1278 1455 1315 1486; x_wconf 89' lang='lat' dir='ltr'><strong>et</strong></span> <span class='ocrx_word' id='word_1_162' title='bbox 1345 1451 1523 1497; x_wconf 88' lang='lat' dir='ltr'><strong>periodici</strong></span> <span class='ocrx_word' id='word_1_163' title='bbox 1553 1451 1670 1498; x_wconf 86' lang='lat' dir='ltr'><strong>spatia</strong></span> <span class='ocrx_word' id='word_1_164' title='bbox 1697 1452 1760 1489; x_wconf 84' lang='lat' dir='ltr'><strong>vix</strong></span> 
     </span>
     <span class='ocr_line' id='line_1_21' title="bbox 226 1506 1762 1553; baseline 0.002 -11"><span class='ocrx_word' id='word_1_165' title='bbox 226 1507 347 1542; x_wconf 82' lang='lat' dir='ltr'><strong>minus</strong></span> <span class='ocrx_word' id='word_1_166' title='bbox 369 1508 462 1543; x_wconf 89' lang='lat' dir='ltr'><strong>bene</strong></span> <span class='ocrx_word' id='word_1_167' title='bbox 487 1519 594 1553; x_wconf 86' lang='lat' dir='ltr'><strong>quam</strong></span> <span class='ocrx_word' id='word_1_168' title='bbox 617 1508 732 1543; x_wconf 87' lang='lat' dir='ltr'><strong>nostri</strong></span> <span class='ocrx_word' id='word_1_169' title='bbox 755 1507 932 1553; x_wconf 84' lang='lat' dir='ltr'><strong>astrologi</strong></span> <span class='ocrx_word' id='word_1_170' title='bbox 955 1506 1137 1550; x_wconf 79' lang='lat' dir='ltr'><strong>noverint3</strong></span> <span class='ocrx_word' id='word_1_171' title='bbox 1166 1517 1277 1552; x_wconf 91' lang='lat' dir='ltr'><strong>quum</strong></span> <span class='ocrx_word' id='word_1_172' title='bbox 1300 1519 1434 1542; x_wconf 89' lang='lat' dir='ltr'><strong>annum</strong></span> <span class='ocrx_word' id='word_1_173' title='bbox 1449 1506 1603 1543; x_wconf 86' lang='lat' dir='ltr'><strong>solarem</strong></span> <span class='ocrx_word' id='word_1_174' title='bbox 1617 1508 1762 1547; x_wconf 82' lang='lat' dir='ltr'><strong>circiter</strong></span> 
     </span>
     <span class='ocr_line' id='line_1_22' title="bbox 227 1563 1763 1611; baseline 0.003 -13"><span class='ocrx_word' id='word_1_175' title='bbox 227 1563 417 1599; x_wconf 82' lang='lat' dir='ltr'><strong>CCCLXV</strong></span> <span class='ocrx_word' id='word_1_176' title='bbox 442 1564 581 1599; x_wconf 90' lang='lat' dir='ltr'><strong>dierum</strong></span> <span class='ocrx_word' id='word_1_177' title='bbox 606 1570 641 1600; x_wconf 92' lang='lat' dir='ltr'><strong>et</strong></span> <span class='ocrx_word' id='word_1_178' title='bbox 665 1576 728 1600; x_wconf 87' lang='lat' dir='ltr'><strong>sex</strong></span> <span class='ocrx_word' id='word_1_179' title='bbox 750 1564 921 1600; x_wconf 86' lang='lat' dir='ltr'><strong>horarum</strong></span> <span class='ocrx_word' id='word_1_180' title='bbox 944 1575 1022 1599; x_wconf 88' lang='lat' dir='ltr'><strong>esse</strong></span> <span class='ocrx_word' id='word_1_181' title='bbox 1047 1563 1218 1599; x_wconf 85' lang='lat' dir='ltr'><strong>sciverint</strong></span> <span class='ocrx_word' id='word_1_182' title='bbox 1241 1569 1277 1598; x_wconf 90' lang='lat' dir='ltr'><strong>et</strong></span> <span class='ocrx_word' id='word_1_183' title='bbox 1305 1563 1536 1609; x_wconf 83' lang='lat' dir='ltr'><strong>aequinoctia</strong></span> <span class='ocrx_word' id='word_1_184' title='bbox 1565 1564 1763 1611; x_wconf 81' lang='lat' dir='ltr'><strong>diligenter</strong></span> 
     </span>
     <span class='ocr_line' id='line_1_23' title="bbox 227 1620 1760 1667; baseline 0.001 -12"><span class='ocrx_word' id='word_1_185' title='bbox 227 1620 425 1656; x_wconf 82' lang='lat' dir='ltr'><strong>servarint:</strong></span> <span class='ocrx_word' id='word_1_186' title='bbox 458 1633 532 1656; x_wconf 93' lang='lat' dir='ltr'><strong>non</strong></span> <span class='ocrx_word' id='word_1_187' title='bbox 557 1621 701 1664; x_wconf 89' lang='lat' dir='ltr'><strong>dubito,</strong></span> <span class='ocrx_word' id='word_1_188' title='bbox 736 1621 824 1667; x_wconf 88' lang='lat' dir='ltr'><strong>quin</strong></span> <span class='ocrx_word' id='word_1_189' title='bbox 849 1626 946 1656; x_wconf 86' lang='lat' dir='ltr'><strong>certa</strong></span> <span class='ocrx_word' id='word_1_190' title='bbox 971 1624 1007 1655; x_wconf 88' lang='lat' dir='ltr'><strong>et</strong></span> <span class='ocrx_word' id='word_1_191' title='bbox 1030 1620 1288 1666; x_wconf 86' lang='lat' dir='ltr'><strong>circumspecta</strong></span> <span class='ocrx_word' id='word_1_192' title='bbox 1310 1620 1452 1656; x_wconf 86' lang='lat' dir='ltr'><strong>ratione</strong></span> <span class='ocrx_word' id='word_1_193' title='bbox 1474 1631 1633 1657; x_wconf 88' lang='lat' dir='ltr'><strong>mensem</strong></span> <span class='ocrx_word' id='word_1_194' title='bbox 1655 1621 1760 1658; x_wconf 87' lang='lat' dir='ltr'><strong>illum</strong></span> 
     </span>
     <span class='ocr_line' id='line_1_24' title="bbox 226 1676 1757 1723; baseline 0.002 -11"><span class='ocrx_word' id='word_1_195' title='bbox 226 1676 533 1713; x_wconf 84' lang='lat' dir='ltr'><strong>intercalaverint.</strong></span> <span class='ocrx_word' id='word_1_196' title='bbox 579 1677 773 1714; x_wconf 86' lang='lat' dir='ltr'><strong>Probabile</strong></span> <span class='ocrx_word' id='word_1_197' title='bbox 796 1677 952 1720; x_wconf 85' lang='lat' dir='ltr'><strong>videtur,</strong></span> <span class='ocrx_word' id='word_1_198' title='bbox 981 1688 1042 1712; x_wconf 89' lang='lat' dir='ltr'><strong>eos</strong></span> <span class='ocrx_word' id='word_1_199' title='bbox 1069 1676 1219 1723; x_wconf 85' lang='lat' dir='ltr'><strong>periodo</strong></span> <span class='ocrx_word' id='word_1_200' title='bbox 1244 1677 1409 1720; x_wconf 73' lang='lat' dir='ltr'><strong>Metonis,</strong></span> <span class='ocrx_word' id='word_1_201' title='bbox 1447 1688 1554 1723; x_wconf 85' lang='lat' dir='ltr'><strong>quam</strong></span> <span class='ocrx_word' id='word_1_202' title='bbox 1577 1685 1757 1722; x_wconf 78' lang='lat' dir='ltr'><strong>vocamus,</strong></span> 
     </span>
     <span class='ocr_line' id='line_1_25' title="bbox 227 1733 1760 1780; baseline 0.003 -12"><span class='ocrx_word' id='word_1_203' title='bbox 227 1733 461 1779; x_wconf 82' lang='lat' dir='ltr'><strong>undeviginti</strong></span> <span class='ocrx_word' id='word_1_204' title='bbox 484 1746 661 1769; x_wconf 88' lang='lat' dir='ltr'><strong>annorum</strong></span> <span class='ocrx_word' id='word_1_205' title='bbox 684 1746 770 1770; x_wconf 91' lang='lat' dir='ltr'><strong>usos</strong></span> <span class='ocrx_word' id='word_1_206' title='bbox 795 1745 884 1775; x_wconf 88' lang='lat' dir='ltr'><strong>esse,</strong></span> <span class='ocrx_word' id='word_1_207' title='bbox 912 1746 984 1780; x_wconf 85' lang='lat' dir='ltr'><strong>qua</strong></span> <span class='ocrx_word' id='word_1_208' title='bbox 1006 1733 1107 1769; x_wconf 85' lang='lat' dir='ltr'><strong>nulla</strong></span> <span class='ocrx_word' id='word_1_209' title='bbox 1130 1733 1246 1779; x_wconf 87' lang='lat' dir='ltr'><strong>magis</strong></span> <span class='ocrx_word' id='word_1_210' title='bbox 1270 1738 1325 1769; x_wconf 90' lang='lat' dir='ltr'><strong>est</strong></span> <span class='ocrx_word' id='word_1_211' title='bbox 1348 1734 1395 1769; x_wconf 85' lang='lat' dir='ltr'><strong>ad</strong></span> <span class='ocrx_word' id='word_1_212' title='bbox 1417 1733 1511 1769; x_wconf 86' lang='lat' dir='ltr'><strong>hanc</strong></span> <span class='ocrx_word' id='word_1_213' title='bbox 1525 1745 1603 1771; x_wconf 86' lang='lat' dir='ltr'><strong>rem</strong></span> <span class='ocrx_word' id='word_1_214' title='bbox 1617 1734 1760 1772; x_wconf 78' lang='lat' dir='ltr'><strong>idonea.</strong></span> 
     </span>
     <span class='ocr_line' id='line_1_26' title="bbox 227 1789 1761 1839; baseline 0.002 -14"><span class='ocrx_word' id='word_1_215' title='bbox 227 1789 467 1836; x_wconf 84' lang='lat' dir='ltr'><strong>Undeviginti</strong></span> <span class='ocrx_word' id='word_1_216' title='bbox 498 1791 584 1826; x_wconf 85' lang='lat' dir='ltr'><strong>anni</strong></span> <span class='ocrx_word' id='word_1_217' title='bbox 615 1791 749 1826; x_wconf 81' lang='lat' dir='ltr'><strong>solares</strong></span> <span class='ocrx_word' id='word_1_218' title='bbox 774 1790 977 1826; x_wconf 90' lang='lat' dir='ltr'><strong>CCXXXV</strong></span> <span class='ocrx_word' id='word_1_219' title='bbox 1009 1790 1192 1826; x_wconf 86' lang='lat' dir='ltr'><strong>mensibus</strong></span> <span class='ocrx_word' id='word_1_220' title='bbox 1222 1789 1412 1826; x_wconf 83' lang='lat' dir='ltr'><strong>lunaribus</strong></span> <span class='ocrx_word' id='word_1_221' title='bbox 1444 1791 1627 1838; x_wconf 85' lang='lat' dir='ltr'><strong>synodicis</strong></span> <span class='ocrx_word' id='word_1_222' title='bbox 1656 1803 1761 1839; x_wconf 84' lang='lat' dir='ltr'><strong>pares</strong></span> 
     </span>
     <span class='ocr_line' id='line_1_27' title="bbox 229 1846 1762 1894; baseline 0.001 -12"><span class='ocrx_word' id='word_1_223' title='bbox 229 1851 326 1889; x_wconf 89' lang='lat' dir='ltr'><strong>sunt,</strong></span> <span class='ocrx_word' id='word_1_224' title='bbox 354 1858 438 1892; x_wconf 87' lang='lat' dir='ltr'><strong>ergo</strong></span> <span class='ocrx_word' id='word_1_225' title='bbox 463 1847 532 1882; x_wconf 90' lang='lat' dir='ltr'><strong>hoc</strong></span> <span class='ocrx_word' id='word_1_226' title='bbox 556 1847 729 1894; x_wconf 85' lang='lat' dir='ltr'><strong>temporis</strong></span> <span class='ocrx_word' id='word_1_227' title='bbox 754 1847 871 1894; x_wconf 85' lang='lat' dir='ltr'><strong>spatio</strong></span> <span class='ocrx_word' id='word_1_228' title='bbox 897 1851 1035 1893; x_wconf 86' lang='lat' dir='ltr'><strong>septem</strong></span> <span class='ocrx_word' id='word_1_229' title='bbox 1050 1858 1190 1883; x_wconf 88' lang='lat' dir='ltr'><strong>menses</strong></span> <span class='ocrx_word' id='word_1_230' title='bbox 1208 1852 1293 1882; x_wconf 85' lang='lat' dir='ltr'><strong>sunt</strong></span> <span class='ocrx_word' id='word_1_231' title='bbox 1308 1846 1557 1883; x_wconf 79' lang='lat' dir='ltr'><strong>intercalandi.</strong></span> <span class='ocrx_word' id='word_1_232' title='bbox 1596 1848 1762 1884; x_wconf 88' lang='lat' dir='ltr'><strong>Mensem</strong></span> 
     </span>
     <span class='ocr_line' id='line_1_28' title="bbox 228 1902 1763 1951; baseline 0.002 -14"><span class='ocrx_word' id='word_1_233' title='bbox 228 1902 480 1938; x_wconf 84' lang='lat' dir='ltr'><strong>intercalarem</strong></span> <span class='ocrx_word' id='word_1_234' title='bbox 504 1903 699 1950; x_wconf 89' lang='lat' dir='ltr'><strong>Babylonii</strong></span> <span class='ocrx_word' id='word_1_235' title='bbox 723 1917 796 1940; x_wconf 91' lang='lat' dir='ltr'><strong>non</strong></span> <span class='ocrx_word' id='word_1_236' title='bbox 820 1915 960 1950; x_wconf 86' lang='lat' dir='ltr'><strong>semper</strong></span> <span class='ocrx_word' id='word_1_237' title='bbox 981 1908 1064 1950; x_wconf 89' lang='lat' dir='ltr'><strong>post</strong></span> <span class='ocrx_word' id='word_1_238' title='bbox 1087 1903 1241 1939; x_wconf 86' lang='lat' dir='ltr'><strong>eundem</strong></span> <span class='ocrx_word' id='word_1_239' title='bbox 1264 1904 1351 1939; x_wconf 84' lang='lat' dir='ltr'><strong>anni</strong></span> <span class='ocrx_word' id='word_1_240' title='bbox 1373 1914 1533 1939; x_wconf 89' lang='lat' dir='ltr'><strong>mensem</strong></span> <span class='ocrx_word' id='word_1_241' title='bbox 1562 1910 1763 1951; x_wconf 86' lang='lat' dir='ltr'><strong>posuerunt</strong></span> 
     </span>
     <span class='ocr_line' id='line_1_29' title="bbox 229 1959 1761 2007; baseline 0.001 -13"><span class='ocrx_word' id='word_1_242' title='bbox 229 1959 324 1995; x_wconf 87' lang='lat' dir='ltr'><strong>sicut</strong></span> <span class='ocrx_word' id='word_1_243' title='bbox 348 1959 606 2004; x_wconf 87' lang='lat' dir='ltr'><strong>Athenienses,</strong></span> <span class='ocrx_word' id='word_1_244' title='bbox 634 1961 731 2007; x_wconf 88' lang='lat' dir='ltr'><strong>apud</strong></span> <span class='ocrx_word' id='word_1_245' title='bbox 755 1972 846 2007; x_wconf 88' lang='lat' dir='ltr'><strong>quos</strong></span> <span class='ocrx_word' id='word_1_246' title='bbox 863 1973 956 1996; x_wconf 87' lang='lat' dir='ltr'><strong>anno</strong></span> <span class='ocrx_word' id='word_1_247' title='bbox 974 1959 1179 1996; x_wconf 87' lang='lat' dir='ltr'><strong>intercalari</strong></span> <span class='ocrx_word' id='word_1_248' title='bbox 1197 1971 1336 2006; x_wconf 89' lang='lat' dir='ltr'><strong>semper</strong></span> <span class='ocrx_word' id='word_1_249' title='bbox 1349 1960 1589 1996; x_wconf 79' lang='lat' dir='ltr'><strong>Posideonom</strong></span> <span class='ocrx_word' id='word_1_250' title='bbox 1603 1971 1761 1996; x_wconf 83' lang='lat' dir='ltr'><strong>mensem</strong></span> 
     </span>
     <span class='ocr_line' id='line_1_30' title="bbox 228 2015 1757 2063; baseline 0.001 -12"><span class='ocrx_word' id='word_1_251' title='bbox 228 2015 322 2051; x_wconf 87' lang='lat' dir='ltr'><strong>alter</strong></span> <span class='ocrx_word' id='word_1_252' title='bbox 344 2016 525 2052; x_wconf 87' lang='lat' dir='ltr'><strong>Posideon</strong></span> <span class='ocrx_word' id='word_1_253' title='bbox 549 2019 778 2063; x_wconf 89' lang='lat' dir='ltr'><strong>sequebatur,</strong></span> <span class='ocrx_word' id='word_1_254' title='bbox 816 2018 880 2053; x_wconf 89' lang='lat' dir='ltr'><strong>sed</strong></span> <span class='ocrx_word' id='word_1_255' title='bbox 907 2017 1014 2053; x_wconf 88' lang='lat' dir='ltr'><strong>modo</strong></span> <span class='ocrx_word' id='word_1_256' title='bbox 1043 2022 1127 2063; x_wconf 90' lang='lat' dir='ltr'><strong>post</strong></span> <span class='ocrx_word' id='word_1_257' title='bbox 1151 2022 1293 2053; x_wconf 86' lang='lat' dir='ltr'><strong>sextum</strong></span> <span class='ocrx_word' id='word_1_258' title='bbox 1317 2017 1403 2053; x_wconf 87' lang='lat' dir='ltr'><strong>anni</strong></span> <span class='ocrx_word' id='word_1_259' title='bbox 1425 2028 1584 2054; x_wconf 78' lang='lat' dir='ltr'><strong>mensem</strong></span> <span class='ocrx_word' id='word_1_260' title='bbox 1608 2019 1618 2061; x_wconf 93' lang='lat'>(</span> <span class='ocrx_word' id='word_1_261' title='bbox 1630 2017 1757 2061; x_wconf 68' lang='lat' dir='ltr'><strong>millu),</strong></span> 
     </span>
     <span class='ocr_line' id='line_1_31' title="bbox 228 2073 1761 2121; baseline 0.001 -13"><span class='ocrx_word' id='word_1_262' title='bbox 228 2073 336 2108; x_wconf 92' lang='lat' dir='ltr'><strong>modo</strong></span> <span class='ocrx_word' id='word_1_263' title='bbox 360 2078 443 2120; x_wconf 83' lang='lat' dir='ltr'><strong>post</strong></span> <span class='ocrx_word' id='word_1_264' title='bbox 468 2074 722 2110; x_wconf 89' lang='lat' dir='ltr'><strong>duodecimum</strong></span> <span class='ocrx_word' id='word_1_265' title='bbox 751 2073 989 2110; x_wconf 86' lang='lat' dir='ltr'><strong>collocabant.</strong></span> <span class='ocrx_word' id='word_1_266' title='bbox 1038 2076 1126 2111; x_wconf 88' lang='lat' dir='ltr'><strong>Post</strong></span> <span class='ocrx_word' id='word_1_267' title='bbox 1158 2080 1302 2110; x_wconf 83' lang='lat' dir='ltr'><strong>sextum</strong></span> <span class='ocrx_word' id='word_1_268' title='bbox 1331 2074 1491 2121; x_wconf 89' lang='lat' dir='ltr'><strong>positum</strong></span> <span class='ocrx_word' id='word_1_269' title='bbox 1511 2074 1644 2110; x_wconf 71' lang='lat' dir='ltr'><strong>»wazu</strong></span> <span class='ocrx_word' id='word_1_270' title='bbox 1667 2073 1761 2110; x_wconf 85' lang='lat' dir='ltr'><strong>alte-</strong></span> 
     </span>
     <span class='ocr_line' id='line_1_32' title="bbox 228 2127 1760 2179; baseline 0.001 -13"><span class='ocrx_word' id='word_1_271' title='bbox 228 2133 334 2173; x_wconf 86' lang='lat' dir='ltr'><strong>rum“,</strong></span> <span class='ocrx_word' id='word_1_272' title='bbox 363 2135 446 2175; x_wconf 89' lang='lat' dir='ltr'><strong>post</strong></span> <span class='ocrx_word' id='word_1_273' title='bbox 470 2130 723 2166; x_wconf 89' lang='lat' dir='ltr'><strong>duodecimum</strong></span> <span class='ocrx_word' id='word_1_274' title='bbox 752 2129 969 2166; x_wconf 88' lang='lat' dir='ltr'><strong>collocatum</strong></span> <span class='ocrx_word' id='word_1_275' title='bbox 996 2130 1103 2179; x_wconf 70' lang='lat' dir='ltr'><strong>„aer</strong></span> <span class='ocrx_word' id='word_1_276' title='bbox 1136 2133 1301 2175; x_wconf 77' lang='lat' dir='ltr'><strong>mak(‘?)ru</strong></span> <span class='ocrx_word' id='word_1_277' title='bbox 1333 2127 1372 2166; x_wconf 74' lang='grc' dir='ltr'><strong>ἔα</strong></span> <span class='ocrx_word' id='word_1_278' title='bbox 1395 2131 1541 2166; x_wconf 76' lang='grc' dir='ltr'><em>Αάἅνα“</em></span> <span class='ocrx_word' id='word_1_279' title='bbox 1569 2131 1760 2167; x_wconf 79' lang='lat' dir='ltr'><strong>vocabant.</strong></span> 
     </span>
     <span class='ocr_line' id='line_1_33' title="bbox 233 2186 1761 2233; baseline 0.001 -12"><span class='ocrx_word' id='word_1_280' title='bbox 233 2190 290 2230; x_wconf 86' lang='lat'><strong>(-—</strong></span> <span class='ocrx_word' id='word_1_281' title='bbox 312 2186 486 2222; x_wconf 87' lang='lat' dir='ltr'><strong>Nisano</strong></span> <span class='ocrx_word' id='word_1_282' title='bbox 503 2186 616 2222; x_wconf 89' lang='lat' dir='ltr'><strong>altero</strong></span> <span class='ocrx_word' id='word_1_283' title='bbox 633 2186 827 2233; x_wconf 87' lang='lat' dir='ltr'><strong>Babylonii</strong></span> <span class='ocrx_word' id='word_1_284' title='bbox 842 2199 1021 2233; x_wconf 90' lang='lat' dir='ltr'><strong>nusquam</strong></span> <span class='ocrx_word' id='word_1_285' title='bbox 1037 2188 1094 2223; x_wconf 92' lang='lat' dir='ltr'><strong>usi</strong></span> <span class='ocrx_word' id='word_1_286' title='bbox 1111 2199 1188 2224; x_wconf 87' lang='lat' dir='ltr'><strong>esse</strong></span> <span class='ocrx_word' id='word_1_287' title='bbox 1203 2187 1386 2229; x_wconf 83' lang='lat' dir='ltr'><strong>videntur,</strong></span> <span class='ocrx_word' id='word_1_288' title='bbox 1412 2198 1629 2233; x_wconf 89' lang='lat' dir='ltr'><strong>quamquam</strong></span> <span class='ocrx_word' id='word_1_289' title='bbox 1650 2187 1710 2223; x_wconf 88' lang='lat'><strong>111</strong></span> <span class='ocrx_word' id='word_1_290' title='bbox 1725 2187 1761 2223; x_wconf 83' lang='lat' dir='ltr'><strong>R</strong></span> 
     </span>
     <span class='ocr_line' id='line_1_34' title="bbox 231 2242 1166 2292; baseline 0.003 -15"><span class='ocrx_word' id='word_1_291' title='bbox 231 2246 274 2278; x_wconf 85' lang='lat'><strong>56</strong></span> <span class='ocrx_word' id='word_1_292' title='bbox 290 2244 355 2279; x_wconf 89' lang='lat' dir='ltr'><strong>Nr.</strong></span> <span class='ocrx_word' id='word_1_293' title='bbox 374 2246 393 2277; x_wconf 92' lang='lat'>5</span> <span class='ocrx_word' id='word_1_294' title='bbox 416 2242 572 2289; x_wconf 88' lang='lat' dir='ltr'><strong>legimus</strong></span> <span class='ocrx_word' id='word_1_295' title='bbox 596 2243 686 2292; x_wconf 60' lang='grc' dir='ltr'><strong>ανᾷα</strong></span> <span class='ocrx_word' id='word_1_296' title='bbox 703 2245 845 2280; x_wconf 63' lang='lat' dir='ltr'><strong>Nisam</strong></span> <span class='ocrx_word' id='word_1_297' title='bbox 870 2245 908 2279; x_wconf 90' lang='lat' dir='ltr'><strong>II</strong></span> <span class='ocrx_word' id='word_1_298' title='bbox 932 2258 992 2285; x_wconf 73' lang='grc' dir='ltr'><strong>ραη</strong></span> <span class='ocrx_word' id='word_1_299' title='bbox 1014 2258 1084 2280; x_wconf 86' lang='lat' dir='ltr'><strong>ma.</strong></span> <span class='ocrx_word' id='word_1_300' title='bbox 1111 2247 1166 2288; x_wconf 84' lang='lat'><strong>—)</strong></span> 
     </span>
    </p>
   </div>
  </div>
 </body>
</html>
