1904 3216
863 199 1145 240 -88-

237 311 351 364 quod
382 311 554 353 credere
584 309 748 351 malim.
802 309 1026 352 Historiae
1055 310 1263 352 memoria
1293 311 1551 353 documenta
1580 311 1635 352 ad
1664 310 1778 352 hanc

235 396 325 423 rem
355 380 619 437 pertinentia
647 394 737 421 non
767 380 961 422 tradidit.

348 454 429 495 Pro
459 459 589 504 certo,
622 458 673 492 ut
702 450 903 504 vidimus,
919 484 921 487 .
938 451 1189 493 habendum
1221 459 1301 503 est,
1335 452 1438 494 inde
1465 467 1490 494 a
1509 453 1643 495 Mosis
1664 460 1774 495 tem-

232 538 334 578 pore
365 537 534 578 semper
562 522 722 565 idcirco
752 522 971 564 Israelitas
1001 524 1179 565 sabbato
1209 523 1384 566 feriatos
1424 538 1537 576 esse,
1583 538 1640 566 ne
1680 523 1772 567 dies

231 595 420 636 Jehovae
451 608 569 635 sacer
597 593 741 635 labore
770 594 998 636 hominum
1027 595 1339 650 profanaretur.
1402 595 1488 638 Sed
1517 609 1567 636 ea
1595 609 1642 637 re
1671 609 1774 651 cog·

231 666 324 707 nita
353 665 496 707 soluta
524 679 615 707 non
645 672 711 706 est
731 665 940 719 quaestio,
975 680 1105 720 quam
1125 673 1370 708 tractamus.
1423 667 1537 708 Nam
1555 665 1773 721 reliquum

232 744 316 787 est,
362 743 413 777 ut
451 736 697 789 videamus,
745 751 875 791 quam
916 738 969 779 ob
1007 751 1098 778 rem
1138 736 1371 793 septimum
1411 751 1625 792 quemque
1656 735 1778 779 diem'

229 806 395 848 Jehova
425 806 510 849 sibi
539 822 707 850 sacrum
738 823 830 850 esse
860 807 979 850 velit.
1042 809 1271 850 Praeterea
1299 808 1426 851 facile
1456 808 1769 864 cognoscimus,

230 878 450 920 Israelitas
477 894 567 922 non
587 879 787 932 sensisse,
824 894 849 921 a
868 880 963 921 Deo
994 879 1111 921 diem
1129 879 1270 935 primo
1290 880 1454 921 factum
1474 894 1566 921 esse
1585 893 1769 933 sacrum,

232 949 390 991 deinde
422 951 610 992 eundem
640 951 904 1005 declaratum
935 964 1026 992 esse
1047 952 1290 1003 sabbatum,
1325 951 1402 992 sed
1421 964 1591 993 sacrum
1610 950 1773 994 factum

231 1035 337 1074 esse,
371 1028 428 1062 ut
458 1024 607 1064 esset'
628 1022 720 1064 dies
751 1022 843 1064 otii.
908 1021 1059 1063 Otium
1098 1021 1411 1077 praescriptum
1450 1036 1539 1064 non
1578 1021 1774 1076 sequitur

229 1092 504 1135 sanctitatem
525 1093 694 1135 sabbati
725 1093 925 1136 similiter
953 1100 1083 1147 atque
1112 1093 1346 1148 cujuslibet
1375 1092 1463 1135 diei
1491 1092 1592 1135 festi
1610 1093 1773 1136 sancti-

227 1171 360 1205 tatem
383 1172 648 1218 sequeretur,
668 1165 745 1207 sed
765 1164 934 1207 sabbati
954 1164 1160 1207 sanctitas
1181 1164 1229 1206 in
1250 1179 1300 1207 eo
1321 1164 1534 1218 consistit,
1559 1165 1674 1219 quod
1693 1164 1773 1207 otii

227 1235 439 1291 religione
468 1236 678 1291 postulati
709 1235 802 1277 dies
833 1242 922 1287 est,
965 1243 1016 1278 ut
1053 1250 1143 1278 non
1181 1236 1310 1278 modo
1347 1235 1494 1278 labore
1531 1235 1766 1290 minuatur,

230 1307 304 1349 sed
334 1307 457 1349 nulla
487 1314 614 1360 esset,
646 1306 735 1349 nisi
764 1307 903 1349 otium
922 1306 1174 1349 hominibus
1204 1322 1229 1349 a
1249 1308 1343 1349 Deo
1363 1306 1625 1362 imperatum
1645 1314 1769 1350 esset.

231 1379 328 1420 Hoc
359 1393 413 1420 ex
443 1393 493 1420 eo
524 1379 846 1434 cognoscimus,
885 1379 1000 1433 quod
1028 1393 1245 1433 nusquam
1282 1377 1467 1434 legitur:
1510 1377 1602 1420 dies
1639 1378 1775 1434 septi-

228 1464 325 1491 mus
357 1457 421 1492 est
451 1450 543 1491 dies
573 1449 777 1503 Jehovae,
814 1450 884 1492 vel
913 1450 1005 1493 dies
1034 1450 1226 1492 Jehovae
1257 1463 1375 1492 sacer
1404 1464 1482 1492 seu
1509 1449 1659 1499 festus,
1702 1450 1773 1492 id-

231 1521 344 1563 circo
375 1535 424 1563 eo
456 1521 528 1563 die
557 1521 679 1563 labor
706 1521 1061 1564 intermittendus
1101 1528 1185 1572 est,
1230 1522 1307 1563 sed
1342 1521 1404 1564 sic
1441 1521 1623 1577 legitur:
1671 1521 1770 1572 „die

226 1592 409 1647 septimo
430 1591 567 1634 nolito
588 1591 796 1645 laborare,
817 1592 888 1634 die
909 1592 1094 1648 septimo
1114 1593 1394 1635 sabbatum
1416 1592 1472 1647 (h.
1488 1607 1525 1634 e.
1547 1591 1768 1647 „quies‘·)

226 1663 417 1705 Jehovae
448 1670 530 1716 est,
577 1663 714 1704 diem
744 1664 957 1706 sabbati
1003 1664 1164 1718 (diem
1194 1663 1418 1719 quietis)
1454 1671 1600 1706 sancte
1638 1668 1768 1719 agas“

226 1742 306 1776 etc.
361 1735 526 1788 Itaque,
560 1734 647 1776 nisi
669 1735 807 1776 otium
829 1735 1100 1776 sabbatinum
1127 1742 1253 1787 esset,
1279 1736 1508 1776 sabbatum
1526 1749 1618 1777 non
1638 1742 1766 1788 esset,

225 1806 316 1848 dies
348 1805 557 1860 septimus
586 1820 677 1847 non
708 1812 819 1848 esset
848 1805 999 1847 festus.

339 1878 437 1918 Jam
468 1883 687 1918 tentemus
717 1876 994 1932 investigare,
1029 1891 1158 1931 quam
1189 1878 1243 1919 ob
1273 1891 1363 1919 rem
1391 1902 1450 1908 —
1478 1877 1772 1920 Israelitarum

225 1947 443 1991 sententia
470 1973 528 1979 —
557 1949 679 1990 Deus
710 1948 945 2004 septimum
975 1963 1189 2003 quemque
1220 1947 1336 1990 diem
1373 1949 1428 1990 ad
1459 1948 1597 1990 otium
1639 1949 1773 1991 desti-

228 2034 338 2062 nans
369 2034 539 2061 sacrum
569 2019 735 2062 fecerit.
796 2021 941 2074 Atque
972 2034 1110 2074 quum
1144 2019 1452 2075 prophetarum
1489 2019 1589 2061 libri
1628 2034 1679 2062 ea
1718 2021 1771 2063 de

227 2106 272 2133 re
303 2091 416 2132 nihil
447 2092 643 2144 doceant,
679 2090 783 2145 quid
813 2091 970 2146 leges
1011 2091 1340 2133 sabbaticae
1378 2091 1434 2132 ad
1471 2091 1770 2145 quaestionem

223 2170 415 2204 nostram
446 2161 697 2204 solvendam
726 2161 901 2215 faciant,
935 2162 1190 2204 videndum.

339 2233 626 2274 Wellhausen
668 2248 768 2289 pag.
808 2239 883 2274 117
930 2233 1030 2275 libri
1072 2233 1394 2275 commemorati
1439 2233 1566 2275 dicit:
1617 2234 1767 2286 „Beim

224 2303 466 2347 Jehovisten
494 2305 584 2345 und
612 2304 1000 2346 Deuteronomisten
1028 2304 1084 2347 ist
1113 2305 1189 2346 der
1217 2304 1405 2347 Sabbath
1439 2338 1448 2346 .
1478 2338 1487 2347 .
1516 2337 1525 2345 .
1567 2305 1642 2347 der
1678 2307 1769 2348 Er-

225 2375 472 2431 lzolunqstaq
497 2376 587 2432 fiir
623 2375 690 2417 die
726 2377 858 2418 Leute
897 2377 984 2417 und
1016 2376 1093 2418 das
1140 2375 1246 2418 Viek
1284 2408 1294 2417 .
1323 2408 1332 2417 .
1362 2408 1370 2417 .
1398 2409 1408 2418 .
1475 2375 1560 2418 Die
1597 2378 1768 2419 Herren

226 2446 358 2489 haben
389 2447 534 2489 immer
563 2447 772 2502 Feiertaq,
817 2461 885 2489 am
924 2447 1079 2489 siebten
1124 2449 1236 2503 Taqe
1269 2447 1400 2489 sollen
1434 2447 1492 2489 sie
1529 2448 1629 2489 aber
1663 2447 1769 2490 auch

223 2519 298 2560 das
342 2519 520 2561 Gesinde
557 2519 647 2560 und
682 2518 749 2559 die
784 2518 1058 2561 Arbeitstz'ere
1095 2519 1226 2561 ruben
1263 2518 1398 2560 las-sen
1433 2519 1574 2561 Exod.
1597 2521 1670 2572 20,
1695 2521 1764 2562 10.

223 2593 293 2643 23,
318 2593 388 2632 12.
428 2593 497 2642 34,
527 2592 595 2632 21.
638 2591 768 2632 Dent.
792 2592 834 2641 5,
858 2592 930 2631 13.
954 2592 1011 2631 14
1050 2622 1247 2633 ......
1281 2604 1364 2632 was
1399 2604 1476 2631 zur
1503 2589 1662 2646 Jssicht
1695 2605 1769 2646 ye-

224 2661 363 2703 macha
401 2661 508 2703 wird
533 2686 590 2692 —
620 2662 700 2703 den
739 2661 1040 2703 israelitischen
1078 2663 1250 2704 Horren
1286 2660 1484 2715 nemliclz,
1526 2676 1581 2703 an
1619 2660 1768 2703 welche

232 2733 297 2774 die
323 2734 631 2788 Geseizyebuny
661 2732 748 2774 ,sich
777 2732 929 2775 ricktet
957 2757 1015 2764 —
1044 2732 1099 2774 ist
1126 2732 1254 2785 nieht,
1289 2733 1386 2774 dass
1415 2732 1474 2774 sie
1494 2732 1637 2785 ruben,
1672 2746 1770 2774 son-

230 2805 332 2845 dem
379 2805 474 2847 dass
518 2804 577 2846 sie
620 2803 752 2845 when
798 2804 977 2846 lassen“.
1054 2805 1114 2846 Ut
1162 2811 1462 2860 cognoscatur,
1512 2818 1620 2845 num
1663 2803 1769 2846 haec
