1904 3216
849 181 1164 222 —98——-

218 308 310 336 esse
342 309 471 348 quam
501 294 548 335 in
580 293 766 336 Genesi:
803 289 901 335 πω
932 292 1091 334 dicitur
1121 307 1199 348 pro
1230 300 1340 347 8¹52,
1360 295 1434 336 '02
1464 290 1556 337 ans
1586 291 1654 338 ’ππ
1683 310 1761 351 pro

220 372 340 408 08:21
370 361 454 417 525,
490 372 580 407 ΠῦἿἾ
610 378 686 418 pro
708 359 857 415 maffia,
895 370 938 404 et
966 363 1077 404 mihi
1108 363 1283 418 quidem
1302 364 1442 406 Exod.
1467 370 1533 419 20,
1566 371 1609 407 11
1644 366 1761 408 anti-

221 436 382 490 quioris
413 434 567 477 aetatis
597 433 786 489 speciem
816 433 975 476 habere
1005 434 1177 476 videtui·
1198 449 1327 489 quam
1347 436 1511 479 Genes.
1537 442 1577 491 2,
1608 443 1712 479 1—4
1727 441 1754 479 ¹.

220 507 382 548 Verum
430 506 562 547 etiam
609 504 900 547 narrationem
946 506 1101 548 mundi
1151 506 1282 548 creati
1327 507 1442 551 Gen.
1477 511 1491 549 1
1537 509 1759 564 antiquam

220 577 431 628 existimo,
470 575 507 616 si
535 590 626 618 non
655 577 786 618 verba
815 583 860 618 at
889 576 1041 618 saltem
1070 591 1158 619 res„
1207 577 1326 622 Quid
1355 585 1421 621 est
1446 593 1521 621 cur
1541 580 1760 624 Israelitae

219 649 518 702 κοσμογονίαν
560 662 650 689 non
693 647 953 689 habuerint?
1026 647 1103 690 Sin
1151 648 1421 703 habuerunt,
1474 651 1625 693 eadem
1671 651 1761 695 fere

218 718 316 770 fuit,
352 732 480 772 quam
511 717 690 760 exhibet
719 719 880 761 Genes.
906 732 943 759 c.
968 719 990 759 Ι
1020 733 1087 761 res
1118 718 1319 762 similiter
1346 729 1607 776 narrantem,
1631 729 1763 779 atque

219 804 241 829 a
279 788 535 844 Babyloniis
578 790 776 845 proxima
819 789 1077 845 cognatione
1121 804 1221 831 cum
1266 792 1472 835 Israelitis
1517 794 1761 850 conjunctis

218 860 398 902 traditae
430 869 566 914 erant7
600 876 650 903 ac
669 861 800 903 simul
820 861 875 903 ad
895 861 1154 916 religionem
1173 863 1200 902 J
1202 861 1363 905 ehovae
1383 864 1570 907 maxime
1590 880 1760 909 accom-

217 933 451 975 modatam.
514 933 644 977 Quod
674 939 819 974 autem
849 939 1014 987 septem
1051 933 1205 974 diebus
1243 934 1399 975 mundi
1438 937 1614 978 creandi
1651 951 1760 993 opus

218 1003 382 1046 facturn
413 1019 506 1047 esse
537 1004 709 1056 dicitur,
743 1018 873 1046 nemo
894 1004 1023 1045 debet
1041 1004 1200 1057 mirari,
1235 1004 1349 1047 hanc
1374 1005 1625 1061 opinionem
1643 1010 1759 1064 apud

218 1090 317 1116 eum
346 1075 559 1131 populum
580 1074 780 1127 inveniri,
816 1075 933 1131 apud
954 1090 1084 1130 quem
1103 1075 1340 1118 hebdomas
1360 1077 1598 1132 plurimum
1617 1079 1759 1123 valere

217 1146 360 1201 coepit
390 1147 569 1202 ejusque
599 1146 820 1189 institutio
858 1146 980 1201 quasi
1020 1146 1218 1188 absoluta
1255 1156 1638 1204 consummataque
1675 1157 1755 1195 est.

217 1218 380 1272 Utique
395 1218 532 1273 possit
552 1217 648 1272 quis
668 1217 881 1269 arbitrari,
915 1217 953 1260 si
981 1218 1283 1271 narrationem,
1321 1233 1450 1273 quam
1481 1220 1529 1262 in
1549 1221 1713 1265 Genes.
1735 1224 1759 1266 I

215 1289 414 1345 legimus,
441 1289 664 1332 Israelitae
685 1289 733 1330 in
755 1289 906 1331 exsilio
928 1304 953 1331 a
974 1289 1227 1345 Babyloniis
1247 1291 1504 1346 acceperint,
1532 1292 1648 1348 ipsos
1663 1308 1758 1336 eam

217 1361 278 1402 ita
317 1360 606 1416 descripsisse,
648 1367 698 1402 ut
733 1375 786 1402 ex
820 1361 1000 1414 antiqua
1030 1350 1330 1403 Hebraeorum
1359 1362 1566 1418 opinione
1595 1371 1759 1421 septem

217 1433 385 1474 dierum
415 1432 554 1488 spatio
584 1447 651 1474 res
683 1439 828 1487 gestae
859 1431 1197 1474 continerentur.
1258 1433 1358 1475 Hoc
1395 1434 1513 1476 enim
1550 1450 1758 1492 magnum

217 1512 281 1546 est
311 1504 426 1546 inter
445 1502 788 1559 Babyloniorum
819 1509 863 1544 et
882 1502 1177 1544 Israelitarum
1206 1504 1475 1546 narrationes
1506 1506 1753 1561 discrimen,

217 1576 332 1629 quod
362 1575 410 1616 in
438 1574 697 1630 babylonica
726 1573 898 1615 nullum
930 1573 1023 1628 ejus
1052 1573 1114 1615 rei
1144 1573 1377 1630 vestigium
1407 1575 1630 1619 invenitur
1640 1579 1670 1619 2.

311 1721 342 1759 1)
371 1717 427 1752 Of.
463 1716 712 1752 Delitzseh
741 1716 779 1751 in
810 1716 981 1751 Zeitschr.
1005 1717 1043 1760 f.
1076 1716 1202 1751 luit-0712.
1238 1716 1444 1752 Wissensck.
1469 1730 1503 1752 u.
1531 1719 1565 1752 k.
1594 1719 1638 1754 L.
1668 1721 1755 1755 1882

211 1786 244 1820 p.
263 1775 329 1808 292
348 1785 399 1819 sq.

306 1832 340 1873 2)
366 1821 605 1866 Narrationes
629 1828 824 1864 creationis
841 1828 969 1864 mundi
985 1828 1204 1875 babylonica
1227 1834 1264 1864 et
1286 1828 1467 1874 hebraica,
1496 1830 1586 1867 adeo
1603 1830 1754 1878 similes,

214 1895 255 1923 ut
278 1899 382 1923 nemo
407 1886 526 1934 possit
554 1898 698 1932 negare,
727 1891 806 1921 arto
831 1897 891 1921 eas
915 1884 1204 1932 propinquitatis
1227 1885 1373 1921 vinculo
1407 1886 1598 1930 contineri,
1634 1893 1756 1926 tamen

214 1950 417 1991 tantopere,
446 1949 487 1979 ut
509 1943 601 1979 mihi
625 1943 782 1986 videtur,
810 1942 906 1978 inter
931 1953 969 1978 se
994 1942 1213 1988 discrepant,
1248 1948 1290 1977 ut
1313 1941 1429 1978 altera
1452 1955 1497 1979 ex
1521 1944 1636 1981 altera
1657 1945 1756 1983 facta

216 2013 294 2038 esse
318 2006 487 2047 nequeat.
535 1999 758 2035 Incredibile
783 2004 855 2042 est,
891 1999 1103 2046 scriptorem
1127 1998 1215 2035 libri
1239 2000 1510 2046 pentateuchici
1531 2002 1567 2038 A
1586 2001 1644 2046 (Q)
1670 2013 1755 2043 nar-

214 2059 394 2094 rationem
416 2057 672 2104 babylonicam
703 2057 755 2091 ita
786 2056 946 2103 perfecte
977 2055 1206 2102 rescripsisse
1237 2061 1273 2091 et
1306 2057 1517 2094 correxisse.
1570 2058 1755 2104 Equidem

217 2128 289 2151 non
313 2126 460 2162 possum
483 2114 575 2150 mihi
599 2113 834 2161 persuadere,
869 2113 1051 2149 Geneseos
1076 2118 1185 2159 caput
1199 2113 1218 2148 1
1243 2125 1317 2149 non
1340 2125 1419 2149 esse
1443 2114 1515 2150 nisi
1545 2120 1754 2162 excerptum

215 2184 259 2207 ex
283 2172 491 2207 narratione
514 2171 732 2218 babylonica
755 2170 802 2206 ad
823 2169 1081 2206 monotheismi
1103 2175 1271 2205 naturam
1294 2170 1611 2219 accommodatum²
1643 2171 1754 2208 Utra-

216 2241 286 2275 que
310 2229 469 2264 narratio
494 2228 599 2275 ponit
623 2227 765 2264 actibus
789 2227 925 2263 divinis
948 2227 1135 2270 mundum,
1163 2227 1343 2274 principio
1366 2227 1492 2263 rudem
1514 2227 1754 2274 indigestam-

218 2298 287 2332 que
311 2285 461 2329 molem,
500 2297 563 2332 per
587 2284 728 2331 aliquot
751 2284 903 2331 gradus,
939 2295 1093 2330 quorum
1121 2295 1288 2331 supremo
1322 2284 1486 2321 homines
1518 2285 1632 2321 creati
1663 2285 1750 2329 sint,

216 2344 412 2378 formatum
428 2342 701 2389 perfectumque
719 2353 816 2377 esse:
843 2346 996 2386 utraque
1021 2340 1133 2376 simili
1157 2341 1264 2377 modo
1288 2341 1432 2377 videtur
1457 2340 1635 2387 disposita
1658 2354 1748 2386 esse,

217 2399 374 2446 denique
414 2399 453 2435 in
491 2398 682 2435 nonnullis
720 2399 829 2434 rebus
869 2396 1116 2443 singularibus
1155 2410 1287 2444 magna
1326 2396 1528 2433 similitudo
1568 2398 1748 2434 cernitur:

217 2456 336 2492 Chaos
371 2456 411 2491 in
439 2462 594 2502 utraque
626 2454 798 2492 similiter
829 2454 1049 2490 describitur
1074 2455 1225 2498 (ti'dmtu
1242 2471 1283 2485 =
1301 2453 1433 2507 nimam
1468 2454 1532 2490 ubi
1565 2453 1752 2491 stellarum

215 2513 351 2549 creatio
376 2513 584 2559 exponitur,
618 2512 656 2547 in
681 2518 835 2557 utraque
866 2510 1072 2547 narratione
1106 2511 1149 2547 de
1177 2517 1378 2558 temporum
1409 2511 1671 2558 descriptione,
1706 2512 1753 2548 ad

217 2582 325 2616 quam
350 2569 435 2605 illae
460 2569 534 2605 sint
559 2569 779 2612 destinatae,
814 2568 926 2604 verba
956 2568 1064 2611 fiunt;
1099 2567 1365 2605 enumerationi
1395 2567 1603 2604 hebraicae:
1637 2575 1752 2606 nnn:

216 2634 328 2682 *fam-1
355 2635 447 2663 flam
473 2628 571 2663 ianm
589 2625 799 2672 ‚respondet
826 2623 1062 2671 babylonica:
1098 2625 1158 2661 bal
1187 2625 1262 2670 ξένε’
1280 2626 1398 2660 umdm
1421 2626 1492 2670 geri
1511 2637 1534 2660 u
1557 2622 1754 2661 namma-‘5⁷52'
1789 2639 1794 2643 ’

217 2685 290 2728 ,γένε’
312 2695 442 2730 „pecus
466 2683 593 2729 campi,
622 2683 721 2718 ferae
742 2681 869 2728 campi,
897 2680 1043 2727 reptilia
1060 2681 1212 2728 campi“:
1238 2681 1296 2717 bis
1313 2681 1497 2717 invenitur
1515 2681 1554 2717 in
1569 2682 1751 2728 fragmen-

216 2742 264 2776 tis
288 2740 510 2776 narrationis
524 2738 763 2786 babylonicae
779 2739 929 2774 verbum
946 2734 1148 2782 ubae'aeic'mffl)
1177 2739 1284 2781 „bene
1299 2737 1388 2774 fecit
1407 2738 1626 2782 (fecerunt>“,
1654 2739 1755 2785 quod

216 2797 334 2832 simile
371 2803 427 2832 est
462 2795 624 2832 hebraici
659 2801 712 2839 „et
748 2795 849 2831 Deus
883 2795 978 2831 vidit
1016 2795 1151 2830 bonum
1184 2798 1289 2832 esse“.
1339 2795 1552 2842 Pei-peram,
1588 2801 1630 2831 ut
1659 2795 1749 2831 mihi
