1904 3216
726 189 1013 228 —15—

93 302 203 347 VIII
213 302 274 359 9),
294 300 447 345 Cicero
464 302 531 358 (de
546 302 632 359 leg.
649 302 696 345 II
713 306 778 356 12,
795 303 878 357 29),
898 302 1084 345 Ovidius
1103 302 1215 359 (fast.
1236 305 1258 346 I
1279 309 1325 345 71
1341 305 1473 361 sqq.)‚
1492 303 1648 347 Tibul-

89 374 160 418 lus
189 373 314 431 (eleg.
342 375 391 417 II
420 375 477 430 1),
510 374 664 417 Livius
690 375 744 430 (V
769 375 852 429 13),
884 374 1062 418 Tacitus
1086 375 1204 432 (ann.
1229 376 1295 419 IV
1313 381 1381 431 70,
1402 377 1460 432 4),
1490 377 1647 419 Festus

92 447 211 505 ..(pag
242 451 326 490 249
366 446 435 489 ed.
477 447 673 502 Muell.),
723 447 890 490 Seneca
927 448 1047 504 (epit.
1091 455 1286 491 controv.
1319 449 1361 491 V
1399 455 1537 492 contr.
1584 449 1643 505 4),

90 519 342 565 Macrobius
368 519 548 573 (saturn.
572 522 592 561 I
619 520 702 576 16),
728 519 905 563 Servius
933 520 1000 575 (ad
1016 520 1141 577 Virg.
1167 536 1312 577 georg.
1338 521 1360 563 I
1381 521 1644 578 268-275),

92 590 337 639 Columella
367 591 435 647 (de
462 606 509 634 re
537 599 647 635 rust.
672 593 719 635 II
740 594 828 647 22),
865 593 1019 636 Strabo
1046 593 1209 650 (geogr.
1233 595 1280 636 X
1302 598 1340 647 3,
1369 594 1427 649 9).
1482 594 1648 636 Verum

90 678 184 709 non
210 664 462 707 habuerunt
492 664 585 707 dies
615 664 746 708 certis
775 664 866 706 sive
907 671 1075 721 septem
1112 665 1204 710 sive
1242 666 1436 722 plurium
1476 665 1649 709 dierum

90 735 332 781 intervallis
356 743 639 792 revertentes,
675 737 834 794 quibus
863 737 1031 780 labores
1061 752 1190 794 agere
1220 739 1343 781 nefas
1373 746 1500 782 esset.

207 809 306 856 Quo
338 815 532 866 tempore
564 810 766 854 Christus
796 817 926 853 natus
957 818 1023 853 est
1061 811 1132 853 vel
1169 811 1300 868 paulo
1341 818 1442 854 ante
1482 811 1649 854 hebdo-

90 881 270 925 madum
298 881 408 924 ratio
448 883 567 939 apud
596 884 816 926 Romanos
855 882 904 925 in
939 898 1070 926 usum
1110 883 1233 927 venit
1275 883 1390 938 (ante
1432 884 1650 926 Constan-

91 953 238 997 tinum
264 953 482 1011 Magnum
510 969 602 997 non
632 970 910 999 communem
939 971 1022 999 nec
1050 950 1314 1013 publicum),
1356 963 1486 1012 atque
1512 970 1568 998 ex
1597 971 1648 998 eo

91 1033 284 1083 tempore
314 1026 544 1083 scriptores
575 1028 735 1072 Graeci
765 1035 809 1071 et
839 1028 1053 1071 Romani¹
1085 1029 1179 1072 dies
1208 1043 1300 1072 non
1329 1043 1424 1072 raro
1454 1028 1649 1072 1101111111-

185 1189 217 1231 1)
244 1186 302 1224 of.
336 1186 670 1225 calendarium
703 1188 896 1226 Sabinic
907 1201 975 1226 um
1014 1190 1216 1238 primorum
1253 1189 1449 1243 Caesarum
1485 1195 1650 1237 tempore

91 1244 269 1293 seriptum
295 1266 343 1272 -—
365 1246 554 1282 Momms
564 1258 633 1290 en,
669 1247 777 1283 Ram.
810 1248 986 1292 chronol„
1020 1260 1056 1296 p.
1084 1251 1151 1284 314
1163 1263 1170 1293 ς
1205 1248 1446 1293 Huschke,
1483 1249 1548 1285 das
1579 1249 1650 1284 alte

89 1303 260 1340 romische
274 1303 382 1348 Jahr,
400 1315 437 1351 p.
453 1305 532 1340 294.
569 1303 697 1341 Sabini
714 1304 870 1342 fortasse
882 1306 962 1353 jam
977 1312 1086 1344 antea
1100 1306 1394 1344 hebdomadibus
1411 1306 1470 1344 usi
1488 1311 1574 1343 sunt
1588 1326 1646 1342 —.

182 1365 358 1404 Tibull.
385 1366 479 1414 eleg.
506 1368 526 1403 I
549 1370 581 1411 3,
605 1370 758 1405 15—18:

365 1432 450 1480 Ipse
473 1444 542 1479 ego
568 1432 719 1478 solator,
748 1446 862 1481 quum
883 1435 961 1482 jam
983 1435 1158 1472 mandata
1182 1434 1376 1478 dedissem,

433 1489 664 1530 Quaerebam
686 1491 812 1528 tardas
835 1492 968 1530 anxius
992 1505 1108 1540 usque
1131 1504 1264 1530 moras.

364 1548 443 1585 Aut
465 1560 534 1596 ego
559 1560 639 1585 sum
663 1555 834 1587 causatus
858 1563 955 1596 aves,
985 1556 1049 1587 aut
1073 1551 1195 1587 omnia
1219 1551 1310 1595 dira,

434 1605 630 1644 Saturnive
654 1619 794 1645 sacram
817 1621 875 1646 me
898 1609 1062 1646 tenuisse
1087 1609 1194 1646 diem.

180 1675 396 1713 Frontin.
424 1680 528 1714 strat.
551 1677 591 1713 11
617 1680 646 1722 1,
676 1679 735 1714 17:
763 1679 1013 1726 Vespasianus
1027 1679 1188 1716 Judaeos
1213 1677 1363 1716 Saturni
1389 1679 1467 1722 die,
1499 1691 1571 1726 quo
1596 1679 1650 1715 eis

271 1733 378 1771 nefas
399 1739 458 1772 est
481 1735 684 1784 quidquam
708 1737 824 1773 seriae
847 1737 901 1773 rei
926 1749 1045 1784 agere,
1074 1737 1225 1775 adortus
1251 1737 1449 1785 superavit.

181 1801 354 1839 sustin.
388 1805 524 1841 Mart.
560 1804 657 1852 apol.
684 1806 703 1841 I
727 1808 790 1842 67:
823 1805 892 1850 τὴν
924 1807 965 1843 δὲ
988 1809 1056 1842 τοῦ
1080 1805 1187 1852 ἡλίου
1212 1804 1357 1854 ἡμέραν
1379 1809 1488 1854 κοινῇ
1513 1804 1650 1846 πάντες

271 1873 340 1904 την
362 1861 583 1898 συνέλευσιν
606 1861 823 1911 ποιούμεθα
847 1863 976 1908 ἐπειδὴ
994 1862 1117 1912 πρώτη
1134 1864 1239 1901 ἐστὶν
1261 1863 1391 1914 ἡμέρα,
1419 1859 1499 1912 ἕνῇ
1516 1862 1536 1899 ὅ
1559 1864 1650 1903 Θεὸς

274 1916 316 1953 τὸ
343 1916 475 1958 σκότος
498 1919 562 1955 καὶ
586 1917 654 1964 τὴν
678 1919 772 1964 ὕλην
794 1922 936 1969 τρέψας
959 1920 1106 1969 κόσμον
1130 1922 1282 1967 ἐποίησε
1304 1923 1369 1959 καὶ
1389 1921 1535 1966 Ἰησοῦς·
1552 1923 1650 1972 Χρι-

276 1974 362 2015 στὸς
387 1974 407 2011 ὃ
432 1974 608 2024 ἡμέτερος
633 1977 764 2027 Σωτὴρ
797 1981 839 2026 τῇ
871 1978 963 2027 αὐτῇ
997 1977 1116 2028 ῆμὲρᾳ
1148 1980 1187 2016 ἐκ
1220 1982 1362 2029 νεκρῶν
1394 1979 1541 2024 ἀνέστη.
1597 1982 1649 2028 Τῇ

273 2032 348 2083 γὰρ
373 2032 446 2082 πρὸ
470 2036 534 2078 τῆς
558 2035 747 2083 Κρονικῆς
771 2034 1015 2085 ἐσταύρωσαν
1046 2037 1163 2074 αὐτὸν
1186 2039 1250 2074 καὶ
1273 2040 1314 2085 τῇ
1338 2037 1433 2086 μετὰ
1455 2037 1524 2082 τὴν
1547 2039 1649 2087 Κρο-

275 2089 399 2136 νικὴν,
428 2090 507 2136 ἥτις
531 2091 636 2128 ἐστὶν
658 2089 765 2137 ἡλίου
789 2091 920 2144 ἡμέρα,
948 2100 1017 2132 etc.

181 2160 379 2198 Tertull.
415 2161 463 2198 ad
492 2166 569 2198 nat.
596 2162 616 2198 I
642 2164 703 2199 13:
746 2163 822 2200 Vos
853 2164 946 2201 certi
977 2164 1082 2209 estis,
1123 2165 1188 2213 qui
1220 2165 1332 2202 etiam
1361 2165 1401 2202 in
1430 2165 1649 2203 laterculum

272 2224 414 2267 septem
437 2219 581 2256 dierum
605 2219 721 2256 solem
743 2222 935 2270 recepistis
959 2228 997 2259 et
1020 2235 1065 2260 ex
1089 2224 1220 2261 diebus
1250 2224 1371 2272 ipsum
1400 2224 1644 2271 praelegistis,

272 2289 346 2325 quo
382 2277 442 2313 die
475 2277 662 2314 lavacrum
696 2279 922 2316 subtrahatis
953 2285 1018 2317 aut
1050 2277 1090 2316 in
1122 2293 1313 2329 vesperam
1350 2282 1549 2326 differatis,
1585 2288 1650 2318 aut

272 2334 391 2372 otium
414 2340 452 2372 et
475 2336 672 2382 prandium
696 2337 833 2373 curetis
850 2364 980 2376 .....
1022 2339 1145 2379 Quare
1169 2345 1213 2376 ut
1235 2341 1283 2376 ab
1307 2351 1458 2378 excessu
1474 2345 1646 2384 revertar,

273 2393 339 2440 qui
363 2392 480 2431 solem
503 2399 541 2430 et
566 2394 662 2430 diem
686 2395 768 2442 ejus
793 2396 903 2432 nobis
926 2397 1170 2444 exprobratis,
1197 2398 1387 2445 agnoscite
1404 2397 1644 2441 vicinitatem,

271 2463 347 2487 non
369 2450 479 2499 longe
504 2464 525 2488 a
550 2451 709 2501 Saturno
734 2457 771 2489 et
795 2453 958 2490 sabbatis
981 2455 1114 2491 vestris
1138 2450 1275 2492 sumus.

341 2508 485 2556 apolog.
512 2510 596 2546 adv.
616 2515 716 2557 gent.
741 2513 800 2546 16:
828 2512 998 2559 Denique
1015 2511 1102 2549 inde
1119 2514 1291 2561 suspicio,
1313 2513 1414 2560 quod
1430 2513 1644 2557 innotuerit,

274 2578 342 2603 nos
357 2566 404 2603 ad
419 2567 574 2604 orientis
597 2568 785 2615 regionem
808 2569 961 2616 precari.
1005 2569 1077 2606 Sed
1101 2576 1138 2607 et
1161 2570 1330 2618 plerique
1354 2576 1518 2608 vestrum
1540 2571 1649 2607 affec-

271 2624 412 2661 tatione
444 2624 644 2672 aliquando
684 2631 720 2661 et
761 2626 936 2664 coelestia
967 2628 1145 2664 adorandi
1181 2628 1230 2665 ad
1261 2628 1352 2664 solis
1390 2633 1511 2665 ortum
1548 2628 1648 2665 labia

271 2681 440 2719 vibratis.
490 2684 621 2730 Aeque
646 2683 678 2720 si
703 2683 800 2719 diem
824 2684 914 2722 solis
944 2684 1110 2722 laetitiae
1141 2685 1398 2733 indulgemus,
1435 2685 1508 2722 alia
1537 2685 1648 2733 longe

271 2739 416 2777 ratione
429 2752 552 2788 ‘quam
576 2741 621 2778 de
644 2741 826 2789 religione
850 2742 951 2787 solis,
979 2744 1138 2780 secundo
1162 2743 1244 2781 loco
1270 2745 1316 2780 ab
1340 2743 1394 2780 eis
1417 2755 1553 2788 sumus,
1584 2745 1648 2791 qui

275 2797 373 2834 diem
405 2797 555 2835 Saturni
586 2799 662 2836 otio
698 2804 735 2835 et
767 2799 884 2846 victui
915 2800 1132 2846 decernunt,
1169 2802 1420 2839 exorbitantes
1453 2807 1490 2838 et
1521 2802 1595 2849 ipsi
1625 2815 1647 2838 a

270 2855 424 2904 judaico
450 2868 562 2905 more,
591 2870 701 2905 quem
725 2857 908 2905 ignorant.
