1904 3216
882 197 1166 236 -64-

256 308 406 350 dianos
437 308 603 350 labores
633 308 899 350 intermissos
930 311 1047 350 esse?
1076 308 1198 363 cujus
1220 308 1281 350 rei
1304 309 1516 352 indicium
1536 312 1634 366 quis
1654 311 1790 367 possit

252 386 404 434 putare
425 381 686 435 paucitatem
707 380 950 422 tabularum
972 387 1268 422 contractuum
1284 380 1420 422 tribus
1440 382 1604 424 ultimis
1625 383 1786 425 mensis

256 452 409 493 diebus
447 452 529 505 (28.
556 455 623 492 29.
651 452 717 505 30)
748 451 1004 506 scriptarum
1041 451 1093 505 (v.
1128 451 1242 492 infra
1271 466 1369 507 pag.
1395 455 1474 507 66).
1526 454 1572 496 Si
1602 455 1639 496 is
1660 454 1791 496 fuerit

254 537 372 575 usus,
407 522 679 577 singulorum
699 523 915 564 mensium
937 529 1057 565 erant
1088 530 1238 577 quater
1266 523 1374 576 seni,
1407 523 1438 566 i.
1464 539 1500 566 e.
1535 533 1720 580 quatuor
1747 532 1792 568 et

257 594 414 649 viginti
445 593 537 634 dies
567 594 803 649 negotiosi,
838 609 1019 649 quorum
1049 609 1175 636 senos
1207 602 1378 637 sanctus
1409 595 1488 637 otii
1519 596 1609 638 dies
1640 611 1793 652 seque—
1832 591 1838 597 ’

255 666 394 717 batur,
428 673 648 720 supererat
677 681 791 708 unus
822 666 889 707 vel
920 667 1005 707 duo
1027 666 1119 707 dies
1140 666 1230 707 sive
1251 667 1306 707 ad
1324 666 1562 722 singularia
1582 669 1792 722 quaedam

255 737 430 792 negotia
460 738 648 792 gerenda
679 738 769 779 sive
800 738 887 780 otio
919 738 1139 780 destinati.
1200 739 1353 792 Neque
1382 738 1528 795 inepte
1559 739 1654 794 quis
1690 754 1794 782 eon-

248 806 388 862 jiciat,
423 809 807 851 undetricesimum
838 809 953 851 diem
984 824 1077 851 esse
1115 824 1268 865 operae
1309 811 1458 852 datum
1486 811 1579 854 loeo
1608 811 1795 854 undevi-

257 880 421 933 cesimi,
456 895 541 935 quo
572 887 693 922 extra
722 881 920 922 ordinem
949 882 1126 925 sabbato
1162 882 1411 924 utebantur.
1474 883 1679 925 Ceterum
1714 897 1795 925 ne—

254 952 428 1004 scimus,
463 952 511 992 in
540 953 780 994 rationibus
822 967 1047 1007 operarum
1085 952 1296 994 faciendis
1339 967 1466 1007 quam
1506 954 1709 1009 frequens
1748 961 1792 996 et

254 1030 456 1064 constans
486 1023 617 1064 fuerit
647 1049 700 1054 -
732 1024 769 1065 si
799 1024 955 1078 aliquis
984 1024 1070 1065 fuit
1099 1049 1149 1054 -
1183 1039 1336 1066 senum
1367 1025 1536 1067 dierum
1564 1013 1792 1068 mensurae

254 1110 382 1148 usus;
416 1102 546 1149 atque
577 1095 781 1137 credibile
813 1103 891 1149 est,
926 1097 974 1137 in
1002 1095 1190 1151 negotiis
1221 1096 1483 1152 Babylonios
1512 1097 1661 1139 solitos
1700 1112 1791 1140 esse

256 1167 530 1222 singulorum
562 1167 730 1209 dierum
760 1182 908 1222 operas
939 1175 1200 1222 computare,
1250 1182 1404 1210 senum
1442 1175 1587 1211 autem
1626 1169 1794 1211 dierum

256 1253 481 1294 operarum
512 1253 701 1280 summas
732 1239 779 1280 in
809 1239 966 1280 animis
998 1239 1174 1292 quidem
1205 1247 1248 1282 et
1278 1239 1614 1296 cogitationibus
1652 1240 1794 1283 homi-—

255 1326 376 1365 num,
413 1313 488 1366 qui
517 1320 566 1354 ut
595 1328 895 1356 mensurarum
925 1327 1236 1365 numerum,
1270 1319 1320 1354 ut
1349 1312 1411 1354 ita
1440 1312 1599 1365 dicam,
1634 1312 1794 1368 prin-

256 1383 493 1438 cipalem
526 1385 825 1440 (Grundzalzl),
866 1385 913 1426 h.
939 1399 976 1427 e.
1010 1385 1243 1436 senarium,
1290 1383 1420 1426 etiam
1458 1385 1514 1425 ad
1552 1383 1794 1426 metiendas

255 1456 630 1511 aestimandasque
661 1471 810 1511 operas
840 1456 962 1497 usuri
993 1463 1146 1508 essent,
1183 1456 1306 1509 quasi
1335 1463 1489 1497 natura
1519 1456 1696 1507 ferebat,
1732 1454 1794 1496 ita

255 1534 442 1570 versatas
475 1543 581 1581 esse,
617 1536 667 1569 ut
696 1542 772 1569 sex
802 1528 968 1569 dierum
998 1542 1151 1582 operae
1181 1527 1234 1568 iis
1263 1527 1419 1582 plenus
1449 1527 1607 1568 laboris
1637 1526 1791 1568 modus

254 1598 486 1653 videretur,
522 1614 661 1654 eoque
690 1599 895 1654 praestito
927 1601 1152 1640 sabbatum
1184 1613 1309 1653 agere
1338 1598 1540 1653 placeret,
1574 1598 1621 1639 in
1658 1611 1793 1652 nego-

257 1670 329 1711 tiis
359 1685 459 1712 vero
491 1686 591 1712 eum
620 1672 798 1712 modum
827 1670 1076 1726 neglectum
1107 1684 1212 1711 esse.

371 1743 457 1785 Sed
512 1757 683 1797 quoquo
736 1743 863 1783 modo
907 1742 991 1784 ista
1037 1756 1082 1782 se
1126 1741 1309 1794 habent,
1356 1747 1508 1794 restat,
1563 1746 1614 1781 ut
1657 1739 1795 1796 expli-

256 1821 389 1867 cetur,
432 1815 589 1868 quibus
626 1815 753 1855 rebus
794 1812 996 1854 commoti
1026 1812 1257 1867 Babylonii
1295 1813 1568 1853 sabbatorum
1599 1811 1794 1854 ordinem

255 1887 471 1927 mensium
511 1886 661 1927 ordine
701 1885 863 1926 turbari
902 1885 1018 1939 passi
1058 1884 1160 1925 sint.
1234 1883 1370 1938 Cujus
1413 1883 1477 1925 rei
1521 1884 1632 1925 duae
1675 1882 1794 1938 cogi-

256 1958 339 1998 tari
382 1965 563 2013 possunt
603 1971 771 1998 causae.
844 1955 1068 1997 Probabile
1108 1962 1173 1997 est
1217 1955 1356 2007 enim,
1405 1954 1603 1996 homines
1647 1969 1795 2010 operas

258 2029 465 2082 quasdam
514 2029 695 2084 majores
745 2042 843 2069 cum
890 2042 1002 2068 nova
1053 2027 1158 2068 luna
1207 2027 1400 2082 (ineunte
1448 2027 1607 2081 mense)
1662 2025 1795 2068 ordiri

255 2100 402 2142 solitos
452 2116 567 2154 esse,
628 2100 774 2154 itaque
831 2113 987 2140 novam
1043 2098 1193 2140 lunam
1250 2098 1353 2140 novi
1409 2112 1633 2153 operarum
1683 2104 1795 2140 tem-

256 2173 371 2226 poris
411 2173 588 2214 initium
637 2170 921 2223 existimasse,
967 2185 1051 2224 quo
1100 2170 1230 2211 etiam
1275 2184 1431 2211 novam
1480 2169 1793 2212 hebdomadem

256 2244 395 2298 operis
425 2244 685 2286 destinatam
715 2242 851 2297 incipi
881 2256 1055 2284 necesse
1086 2248 1210 2294 esset,
1246 2241 1327 2283 etsi
1356 2241 1496 2295 priore
1525 2240 1795 2281 hebdomade

256 2314 381 2356 finita
413 2315 506 2369 jam
545 2330 659 2356 unus
700 2314 768 2355 vel
808 2315 894 2354 duo
943 2313 1033 2354 dies
1072 2311 1410 2367 praeteriissent.
1479 2311 1651 2353 Deinde
1693 2311 1795 2352 licet

255 2393 422 2440 putare,
456 2387 745 2428 hebdomades
775 2385 949 2427 lunares
984 2385 1074 2439 jam
1113 2384 1354 2438 antiquiore
1393 2390 1585 2438 tempore
1623 2383 1671 2424 in
1710 2397 1795 2424 usu

256 2458 404 2511 fuisse,
439 2472 611 2512 easque,
647 2458 699 2499 ad
730 2464 923 2512 tempora
951 2462 1150 2498 accurate
1181 2455 1439 2507 definienda,
1482 2461 1532 2495 ut
1560 2469 1689 2510 supra
1718 2454 1795 2496 de-

256 2530 605 2583 monstravimus,
637 2529 783 2570 minus
815 2535 947 2583 aptas,
984 2533 1183 2582 exceptas
1213 2540 1304 2568 esse
1332 2525 1675 2568 hebdomadibus
1697 2526 1798 2567 sab-

256 2601 423 2654 baticis,
458 2615 594 2655 aeque
625 2600 826 2642 omnibus
857 2613 983 2641 senos
1015 2599 1106 2640 dies
1137 2598 1293 2640 laboris
1324 2604 1367 2639 et
1397 2598 1624 2638 sabbatum
1654 2596 1795 2637 conti-

255 2673 485 2726 nentibus,
528 2672 576 2713 in
616 2686 719 2726 quas
759 2671 860 2712 illae
891 2669 1193 2711 transtulerint
1222 2683 1386 2710 morem
1414 2668 1544 2709 lunae
1572 2666 1790 2708 luminum

256 2744 522 2797 varietatem,
557 2743 698 2798 quoad
726 2743 820 2783 fieri
850 2749 1008 2797 posset,
1044 2740 1268 2795 sequendi.
1330 2741 1398 2781 Ab
1440 2754 1489 2780 ea
1527 2745 1673 2780 tamen
1711 2737 1792 2779 ali-

257 2815 514 2868 quantulum
544 2814 687 2856 recedi
716 2828 892 2855 necesse
923 2813 1022 2866 fuit,
1057 2812 1093 2854 si
1119 2812 1409 2854 hebdomades
1429 2825 1518 2851 non
1539 2810 1644 2866 ipsis
1663 2809 1794 2850 lunae
