1904 3216
859 231 1142 272 -84—

226 346 380 388 fierent
419 343 719 387 interdicendo
735 345 764 384 ¹.
836 345 936 386 Hoc
967 343 1134 385 scilicet
1169 358 1260 386 non
1297 358 1524 399 possumus
1570 346 1764 400 probare,

230 416 450 459 Israelitas
480 422 646 458 veteres
677 413 844 456 sabbati
881 413 1162 457 violationem
1199 414 1364 457 crimen
1401 415 1581 471 capitale
1619 416 1771 458 existi-

228 502 367 530 masse
388 494 431 529 et
451 493 590 528 morte
610 485 833 538 multasse,
869 499 1129 541 quamquam
1147 486 1349 542 redargui
1381 486 1508 528 certis
1538 501 1771 543 argumen-

227 559 282 601 tis
312 573 401 599 non
430 563 585 612 potest.
644 557 789 611 Atque
819 564 869 599 ut
899 557 1080 611 quisque
1111 557 1209 599 aliis
1239 557 1293 598 de
1323 558 1463 600 causis
1493 559 1546 600 de
1576 566 1771 601 veterum

228 629 523 671 Israelitarum
552 628 682 670 rebus
713 628 927 671 universis
952 628 1181 683 judicabit,
1217 628 1280 670 ita
1309 629 1362 670 de
1382 628 1463 671 hac
1482 643 1528 671 re
1548 627 1626 670 alii
1644 628 1771 671 aliter

225 700 386 742 sentire
415 699 602 741 liberum
632 699 728 741 erit.
1156 690 1162 693 ’

340 771 574 825 Utcunque
609 784 709 813 vero
743 770 826 813 hoc
860 784 904 812 se
934 770 1094 812 habere
1124 770 1314 826 cuipiam
1343 770 1563 814 videbitur
1596 777 1640 812 et
1667 769 1772 813 licet
1801 775 1805 779 “

229 843 389 895 credat,
423 842 571 897 ignem
603 842 779 884 sabbato
820 841 1053 884 incendere
1091 841 1325 897 posteriore
1364 842 1539 884 demum
1578 848 1771 898 tempore

228 913 412 956 vetitum
433 928 538 967 esse,
566 927 650 967 quo
670 912 780 955 liber
800 913 873 955 PC
893 914 1078 969 scriptus
1097 913 1166 965 sit,
1192 920 1339 955 tamen
1358 927 1447 955 non
1469 927 1576 968 opus
1597 920 1663 956 est
1684 920 1772 957 sta-

225 991 358 1037 tuere,
393 984 441 1026 in
459 984 544 1026 hoc
562 983 674 1026 libro
696 983 774 1026 otii
796 984 1007 1026 sabbatici
1026 984 1239 1027 rationem
1268 984 1444 1039 penitus
1469 989 1685 1027 mutatam
1699 983 1771 1026 in-

227 1056 379 1108 veniri⁷
415 1055 503 1097 nisi
523 1055 633 1097 forte
655 1055 771 1110 quod
789 1055 919 1111 paulo
939 1056 1080 1098 acrius
1101 1055 1149 1097 in
1180 1070 1230 1097 eo
1259 1055 1518 1111 postulatur,
1552 1062 1604 1097 ut
1633 1055 1772 1098 otium

225 1142 325 1170 cum
362 1127 552 1183 perfecta
599 1126 829 1182 diligentia
879 1134 1046 1183 agatur.
1117 1128 1240 1172 Quae
1285 1126 1503 1169 sententia
1545 1126 1676 1183 plana
1721 1141 1772 1169 ac

225 1206 342 1241 recta
371 1199 512 1241 subsit
541 1198 683 1240 verbis
714 1230 736 1249 „
755 1230 764 1239 .
793 1230 801 1239 .
830 1230 839 1238 .
874 1198 941 1241 die
969 1198 1282 1241 Sabbathsruhe
1315 1231 1324 1240 .
1353 1231 1362 1240 .
1390 1231 1399 1240 .
1434 1197 1542 1240 wird
1568 1197 1686 1240 Ῐηέν66
1714 1198 1771 1240 im

226 1272 311 1313 PC
336 1285 469 1325 „qauz
499 1271 686 1312 abstraet
702 1284 959 1325 qenommen,
993 1269 1107 1312 nicht
1135 1270 1198 1311 als
1217 1269 1341 1312 Ruhe
1360 1284 1440 1312 von
1459 1269 1588 1311 einem
1607 1270 1768 1323 Etwas,

228 1374 239 1384 .
267 1374 277 1384 .
307 1375 315 1383 .
349 1342 528 1384 sondern
557 1341 622 1383 als
641 1340 764 1383 Ruhe
793 1340 1093 1393 schlechthin“,
1125 1355 1216 1382 non
1236 1341 1378 1383 video.
1432 1340 1586 1383 Otium
1605 1354 1774 1397 semper

226 1413 473 1469 oppositum
503 1419 570 1454 est
599 1412 760 1465 labori,
805 1412 937 1455 etiam
975 1413 1042 1466 id,
1087 1413 1202 1467 quod
1241 1413 1315 1455 PC
1355 1412 1554 1467 imperat.
1627 1412 1772 1456 Quare

227 1499 347 1537 vero,
394 1499 530 1539 quum
569 1485 658 1527 otio
694 1498 740 1525 se
787 1484 889 1526 dare
929 1483 1025 1538 quis
1057 1483 1256 1538 jubetur,
1302 1489 1497 1538 oporteat
1534 1482 1641 1536 dici,
1686 1497 1771 1538 quo

224 1556 368 1598 labore
395 1555 724 1597 intermittendo
747 1554 886 1596 otium
906 1554 977 1609 agi
997 1554 1167 1607 debeat,
1202 1554 1298 1609 quis
1327 1561 1471 1610 potest
1499 1553 1772 1610 intelligere?

225 1628 453 1669 Praeterea
473 1626 592 1681 ipsae
614 1633 853 1669 ceterorum
869 1625 1156 1668 Pentateuchi
1176 1626 1367 1668 fontium
1386 1625 1505 1681 leges
1525 1625 1771 1668 sabbaticae

226 1698 408 1740 minime
445 1706 584 1740 certos
621 1698 789 1740 labores
820 1704 990 1749 vetant,
1032 1697 1109 1739 sed
1146 1697 1348 1739 universe
1385 1696 1560 1750 dicunt,
1593 1697 1771 1739 sabbato

225 1769 402 1825 negotia
441 1783 567 1824 agere
601 1783 691 1810 non
730 1768 795 1810 fas
834 1782 946 1820 esse,
997 1774 1040 1809 et
1079 1775 1227 1809 contra
1266 1767 1383 1809 solus
1420 1767 1494 1809 PC
1531 1767 1618 1809 duo
1657 1773 1775 1825 certa·

226 1840 402 1896 negotia
439 1846 663 1892 memorat,
708 1839 865 1894 quibus
896 1838 1065 1880 sabbati
1103 1838 1310 1881 sanctitas
1348 1837 1535 1880 violetur
1568 1862 1628 1869 —
1662 1852 1772 1881 num

226 1912 308 1954 hoc
338 1919 404 1954 est
432 1910 573 1966 magis
603 1910 882 1952 indefinitum
921 1910 1216 1964 („abstract“)?

343 1983 429 2024 Sed
458 1982 566 2024 haec
594 1982 823 2024 hactenus.
886 1981 1000 2024 Satis
1037 1981 1146 2023 mihi
1182 1983 1411 2037 probatum
1450 1995 1543 2024 esse
1582 1981 1755 2024 videtur

228 2055 422 2107 sabbata,
457 2060 669 2108 quantum
698 2054 807 2096 scire
835 2067 1078 2108 possumus,
1109 2052 1201 2108 jam
1229 2052 1545 2108 antiquissimis
1565 2051 1774 2108 tempori-

227 2127 309 2167 bus
339 2126 393 2167 ab
423 2124 634 2167 Israelitis
666 2125 911 2177 existimata
940 2138 1032 2167 esse
1057 2123 1277 2166 laboribus
1306 2124 1599 2180 (gravioribus)
1630 2124 1773 2167 omni-

227 2198 309 2238 bus
348 2196 691 2238 inter-mittendis
732 2196 1005 2248 celebranda,
1048 2210 1130 2238 nec
1165 2210 1291 2251 posse
1330 2196 1464 2238 firmis
1502 2196 1770 2251 argumentis

229 2267 366 2321 effici,
412 2267 664 2322 quiescendi
701 2268 880 2309 modum
921 2266 1145 2321 aliquanto
1183 2267 1461 2309 immutatum
1504 2280 1596 2309 esse
1636 2266 1684 2308 in
1718 2266 1773 2309 iis

229 2338 511 2394 temporibus,
548 2338 706 2392 quibus
736 2339 835 2380 Vet.
869 2338 1139 2380 Testamenti
1168 2337 1271 2380 libri
1301 2338 1451 2394 scripti
1479 2346 1598 2380 sunt.

322 2477 353 2518 1)
387 2474 525 2520 Agitur
561 2473 629 2510 hoc
664 2473 745 2509 loco
782 2474 826 2510 de
861 2474 908 2509 iis
941 2474 1182 2521 temporibus,
1219 2485 1372 2521 quorum
1403 2474 1614 2510 memoriam
1642 2473 1772 2510 literae

228 2543 350 2568 sacrae
387 2531 468 2568 Vet.
500 2531 725 2567 Testamenti
759 2530 1060 2577 complectuntur.
1114 2531 1318 2577 Posteriore
1355 2536 1518 2577 tempore
1555 2529 1650 2567 illud
1686 2541 1772 2567 vere

226 2589 364 2624 factum
387 2599 465 2624 esse
491 2593 642 2624 constat.
