1904 3216
881 195 1164 234 —94—

262 309 467 351 servitute
505 307 769 363 Aegyptiaca
801 306 1121 348 liberatoruml.
1189 305 1345 361 Operis
1383 307 1626 361 quotidiani
1660 306 1797 349 inter-

251 380 400 422 missio
431 379 650 422 sabbatica
678 384 1015 418 monumentum
1046 384 1110 419 est
1138 377 1311 429 salutis,
1355 391 1483 431 quam
1510 378 1676 421 Jehova
1716 392 1796 434 po-

251 451 354 506 pulo
384 465 462 492 suo
493 449 633 504 operis
664 448 897 490 servilibus
915 463 1116 503 oppresso
1136 456 1374 504 paraverat.
1427 449 1630 494 Quietem
1649 455 1796 492 autem

251 521 515 563 sabbatinam
546 520 678 562 servis
707 519 919 575 impertiri
943 519 1157 574 jubentur
1186 519 1405 562 Israelitae
1433 534 1655 573 memores,
1687 519 1796 576 ipsis

251 608 275 634 a
305 594 399 633 Deo
429 591 624 646 requiem
654 590 830 645 majoris
859 590 990 646 pretii
1020 598 1311 646 comparatam
1341 606 1445 634 esse.

366 674 577 716 Rationes
626 674 767 716 Exodi
812 680 855 715 et
894 672 1225 716 Deuteronomii
1273 680 1372 729 apte
1421 674 1483 717 sic
1531 659 1792 730 conjunges:

255 746 422 787 Jehova
441 745 649 788 Israelitis
680 760 733 787 ex
753 746 950 801 Aegypto
981 745 1146 787 eductis
1177 746 1355 787 sabbata
1386 745 1520 799 dedit,
1554 752 1604 788 ut
1632 758 1799 788 memo-
1839 748 1846 759 ”

252 817 362 858 riam
390 816 658 858 liberationis
697 823 937 859 servarent:
979 816 1212 871 septimum
1248 824 1394 859 autem
1430 831 1644 872 quemque
1681 816 1799 859 diem

252 890 480 930 sabbatum
519 902 611 930 esse
650 887 811 941 voluit,
857 888 973 942 quod
1012 886 1050 929 is
1078 894 1252 942 propter
1283 888 1471 942 quietem
1501 903 1526 931 a
1555 889 1649 931 Deo
1679 902 1798 931 crea-

251 967 342 1001 tore
405 967 575 1017 captam
628 958 720 1014 jam
775 958 944 1000 faustus
999 973 1203 1013 sacerque
1257 959 1398 1002 factus
1453 967 1578 1002 esset.
1659 960 1799 1003 ‘Utra-

253 1046 335 1086 que
380 1038 527 1073 tamen
570 1045 647 1086 per
691 1045 736 1071 se
786 1029 890 1072 satis
936 1030 1068 1085 plana
1113 1036 1196 1071 est:
1252 1030 1387 1073 altera
1431 1031 1478 1072 in
1521 1031 1672 1074 Exodo
1721 1045 1798 1073 ex·-

221 1154 224 1157 ]
254 1103 394 1158 posita
430 1101 738 1158 complementi
766 1101 894 1156 plane
923 1116 1015 1143 non
1046 1108 1160 1157 eget,
1205 1101 1338 1143 altera
1372 1103 1588 1145 incertum
1624 1102 1800 1158 quidem

252 1174 483 1228 relinquit,
528 1188 604 1215 cur
641 1172 851 1228 septimus
894 1172 1077 1227 quisque
1126 1173 1217 1215 dies
1257 1175 1484 1215 sabbatum
1523 1173 1688 1216 factum
1724 1172 1797 1228 sit,

256 1246 332 1287 sed
363 1245 456 1300 ejus
486 1245 549 1287 rei
581 1244 917 1287 declarationem
946 1243 1162 1297 homines,
1198 1244 1271 1299 qui
1302 1246 1481 1287 sabbata
1510 1259 1535 1287 a
1563 1245 1800 1301 majoribus

253 1324 302 1358 ut
331 1305 431 1358 rem
452 1316 623 1371 pridem
653 1322 808 1357 statam
839 1323 1107 1371 acceperant,
1140 1315 1415 1371 requisivisse
1445 1330 1536 1358 non
1569 1316 1797 1368 videntum

252 1388 366 1430 sicut
389 1387 483 1442 jam
511 1387 647 1429 Mosis
677 1394 881 1442 tempore,
919 1401 1054 1441 quum
1084 1387 1293 1443 septimus
1324 1387 1507 1442 quisque
1545 1387 1638 1430 dies
1669 1386 1803 1430 etiam

253 1467 380 1501 antea
411 1465 525 1500 certe
557 1458 744 1513 insignis
774 1458 951 1500 habitus
984 1466 1110 1511 esset,
1145 1458 1237 1513 ejus
1267 1458 1331 1500 rei
1361 1459 1578 1501 rationem
1595 1473 1687 1501 non
1707 1473 1801 1502 esse

256 1530 540 1573 desideratam
569 1529 792 1584 probabile
814 1536 877 1571 est
888 1530 919 1571 2.
972 1530 1124 1583 Itaque
1153 1537 1337 1584 utraque
1368 1529 1478 1572 ratio
1506 1529 1723 1586 principio
1745 1529 1802 1581 ,in

255 1602 459 1657 decalogo
488 1601 631 1657 posita
659 1600 794 1643 fuisse
823 1607 980 1656 potest,
1015 1600 1149 1642 altera
1176 1602 1326 1656 (Exod.
1353 1605 1426 1652 20,
1455 1602 1516 1656 11)
1552 1601 1797 1656 perfectior,

254 1673 388 1715 altera
434 1673 581 1728 (Deut.
617 1677 655 1726 5,
694 1673 755 1727 15)
811 1672 957 1713 minus
1009 1672 1183 1725 quidem
1223 1672 1440 1724 absoluta,
1485 1685 1637 1713 verum
1675 1671 1804 1714 satis—

254 1744 417 1786 faciens
447 1744 547 1785 usui
576 1744 805 1786 hominum
835 1749 941 1784 tunc
971 1743 1229 1784 viventium.

369 1827 467 1869 Jam
499 1826 736 1882 quaeritur,
772 1833 868 1867 utra
895 1839 1046 1880 reapse
1077 1825 1125 1866 in
1155 1825 1359 1881 decalogo
1392 1840 1417 1867 a
1437 1824 1653 1881 principio
1674 1824 1805 1887 fuerit

255 1906 329 1940 aut
357 1899 500 1954 priore
529 1906 721 1954 tempore
751 1897 800 1938 in
830 1911 930 1939 eum
959 1897 1122 1938 inserta
1151 1895 1222 1938 sit.

368 1981 594 2023 Facillime
625 1981 671 2022 in
701 1980 898 2022 animum
938 1979 1096 2021 incidit
1133 1979 1240 2021 haec
1280 1978 1443 2034 opinio.
1513 1978 1797 2035 Decalogum,

257 2053 331 2107 qui
362 2059 426 2094 est
455 2053 503 2094 in
532 2050 887 2104 Deuteronomio,
922 2052 1103 2106 scriptor
1133 2057 1278 2106 aperte
1309 2050 1416 2092 dicit
1446 2064 1539 2092 esse
1568 2050 1803 2106 repetitum

255 2124 455 2179 priorem,
493 2138 622 2178 quem
653 2138 744 2165 esse
774 2123 976 2175 eundem,
1012 2122 1087 2177 qui
1117 2122 1163 2163 in
1193 2122 1344 2164 Exodo
1376 2121 1563 2177 scriptus
1593 2127 1680 2176 est,
1714 2120 1803 2164 col-

257 2196 419 2237 latione
449 2195 642 2237 locorum
672 2194 850 2236 omnino
878 2195 1099 2249 probatur.
1161 2193 1380 2249 Decalogo
1412 2200 1558 2235 autem
1587 2193 1804 2235 Deutero-

256 2267 393 2309 nomii
424 2266 672 2308 invenimus
703 2265 943 2321 compluria
973 2266 1102 2307 verba
1123 2265 1298 2318 inserta,
1334 2279 1443 2320 quae
1463 2264 1511 2305 in
1532 2264 1682 2307 Exodo
1711 2278 1803 2306 non

354 2451 381 2492 1)
407 2447 463 2483 Of.
488 2447 747 2490 Dillmann‚
777 2448 894 2482 Exod.
921 2459 957 2482 u.
985 2448 1083 2488 Lev„
1110 2458 1146 2493 p.
1168 2448 1252 2489 216;
1287 2445 1418 2489 Keil,
1453 2447 1578 2481 Genes-
1601 2458 1637 2480 u.
1665 2445 1800 2488 Exod,

257 2518 291 2552 p.
310 2507 386 2540 515.
435 2505 556 2542 Aliter
585 2503 830 2540 Delitzsch
862 2503 901 2539 in
935 2505 1104 2540 Zeitschr.
1123 2506 1197 2550 fiir
1220 2503 1346 2539 kin-M.
1383 2502 1591 2539 Wiesemch.
1618 2514 1654 2538 u.
1678 2502 1805 2538 hirom.

259 2564 375 2599 zaben
402 2564 489 2598 1882
514 2573 550 2608 p.
572 2563 648 2596 292.

351 2633 381 2674 2)
411 2630 514 2666 Licet
539 2629 648 2665 etiam
671 2624 828 2672 credere,
856 2629 965 2664 aliam
989 2640 1074 2672 rem,
1105 2629 1148 2664 de
1173 2640 1245 2674 qua
1266 2627 1354 2664 libri
1368 2628 1451 2664 Vet.
1471 2628 1693 2664 Testamenti
1709 2627 1805 2664 nihil

257 2689 437 2735 produnt,
481 2687 634 2723 fortasse
672 2687 814 2722 numeri
845 2686 1043 2733 septenarii
1074 2685 1320 2727 sanctitatem,
1357 2684 1539 2720 Israelitis
1571 2686 1805 2722 sabbatorum

257 2746 436 2781 rationem
459 2744 718 2791 reputantibus
741 2744 855 2779 visam
879 2754 958 2779 esse
983 2754 1139 2786 causam,
1166 2754 1229 2778 eur
1254 2741 1429 2788 septimus
1454 2742 1608 2788 quisque
1625 2742 1703 2778 dies
1720 2742 1804 2778 sab-

258 2804 383 2838 batum
407 2807 512 2837 esset.
