1904 3216
878 181 1162 224 ——62-

247 305 393 352 tatem,
428 298 518 340 sive
548 296 632 340 alia
663 297 716 339 de
747 312 874 339 causa
904 296 1099 338 ordinem
1131 295 1297 338 dierum
1330 293 1418 337 otio
1449 293 1782 351 distinguendo-

247 386 344 412 rum
390 370 568 426 paulum
617 376 820 410 mutasse.
894 368 978 409 Cui
1027 381 1313 423 opponemus,
1368 366 1623 409 incredibile
1673 380 1780 420 esse,

249 441 511 496 Babylonios
549 455 626 495 pro
664 440 802 495 primo
849 439 1008 481 mensis
1051 439 1121 480 die
1166 439 1252 480 otio
1299 437 1469 480 addicto
1509 438 1783 481 substituisse

249 511 674 564 duodetricesimum,
708 511 794 553 nisi
825 526 968 565 causa,
1003 525 1131 565 quam
1153 508 1450 566 gravissimam
1471 510 1782 564 existimarent,

249 583 357 624 moti
387 583 503 624 diem
536 582 614 624 otii
645 590 872 638 septenum
903 582 1071 624 dierum
1101 597 1190 624 non
1219 580 1407 636 primum
1426 581 1502 622 sed
1521 590 1786 637 postremum

253 669 343 695 esse
365 654 579 709 optimum
599 669 649 696 ac
663 654 956 710 justissimum
973 653 1279 709 judicaverint.
1333 655 1516 696 Causam
1547 669 1646 708 vero
1666 653 1786 695 illam

251 731 428 779 apparet
457 740 547 766 non
583 726 775 782 potuisse
805 741 830 768 a
861 725 1030 768 dierum
1065 726 1217 767 Lunae
1258 726 1464 768 festorum
1503 728 1658 768 natura
1694 740 1786 767 non

248 796 435 838 alienam
471 811 585 839 esse:
622 812 756 852 eaque
785 797 964 839 inventa
987 796 1080 852 jam
1110 804 1223 839 certe
1253 797 1409 839 inutile
1430 804 1543 839 esset
1563 797 1618 839 ad
1636 796 1787 838 Lunae

249 867 417 909 cultum
447 875 667 924 tamquam
696 868 962 925 principium
992 870 1266 910 sabbatorum
1295 883 1526 911 recurrere.

365 946 583 988 Numeri
614 945 922 1002 septenarii
951 945 1256 987 sanctitate
1287 946 1377 987 sola
1405 947 1568 988 factum
1598 961 1703 999 esse,
1737 951 1788 986 ut

251 1016 316 1057 illi
347 1017 439 1058 dies
470 1018 557 1059 otio
589 1018 975 1073 distinguerentur,
1010 1032 1138 1059 nemo
1167 1017 1352 1072 putabit.
1413 1017 1509 1059 Etsi
1538 1018 1654 1059 enim
1676 1007 1787 1058 ‘sub-

249 1086 386 1129 tiliter
416 1089 675 1143 indagantes
704 1090 751 1130 in
788 1104 837 1131 eo
866 1103 1046 1130 numero
1085 1089 1271 1130 rationes
1311 1103 1537 1144 possumus
1571 1089 1783 1143 invenire,

247 1174 356 1213 quae
387 1160 507 1214 quasi
537 1161 592 1202 ad
630 1161 709 1203 otii
750 1176 827 1202 seu
866 1160 1025 1215 quietis
1066 1160 1289 1202 notionem
1325 1161 1554 1202 videantur
1589 1161 1783 1214 tendere,

248 1237 395 1272 tamen
423 1231 584 1273 talibus
615 1231 951 1286 cogitationibus
981 1232 1190 1274 adductos
1220 1232 1418 1273 homines
1449 1232 1539 1274 dies
1558 1232 1788 1275 sollemnes

250 1301 490 1344 instituisse
520 1317 610 1344 non
641 1302 847 1345 credibile
878 1311 955 1346 est.
1019 1304 1171 1358 Neque
1207 1318 1307 1345 vero
1346 1318 1580 1358 negamus,
1623 1303 1787 1359 aliquid

250 1375 420 1415 numeri
440 1375 712 1416 sanctitatem
733 1374 781 1415 in
801 1377 1076 1417 sabbatorum
1098 1374 1249 1416 ordine
1270 1375 1572 1417 constituendo
1586 1374 1788 1417 habuisse

250 1446 475 1487 momenti.

366 1523 477 1564 Sunt
506 1523 673 1577 adhuc,
717 1524 792 1578 qui
829 1531 1004 1579 putent,
1051 1524 1142 1564 dies
1176 1524 1386 1580 ...Qulyclb
1430 1538 1520 1565 esse
1561 1523 1652 1565 dies
1691 1524 1787 1566 Sa-

252 1595 454 1636 turni1.
508 1596 632 1639 Quae
662 1595 808 1649 opinio
837 1595 994 1636 nititur
1022 1595 1069 1636 in
1099 1595 1193 1650 ipso
1218 1595 1395 1636 nomine
1420 1595 1646 1649 .ζῑαί..9ᾶῖ.,
1673 1596 1788 1649 quod

255 1666 397 1717 „diem
446 1670 615 1707 atrum“
662 1666 904 1720 significare
954 1666 1018 1707 vir
1059 1667 1333 1708 doctissimus
1374 1667 1536 1721 Sayce2
1574 1666 1783 1709 defendit.

254 1737 339 1777 Sed
382 1737 495 1778 hanc
541 1737 634 1791 ejus
677 1738 938 1778 sententiam
976 1737 1066 1792 jam
1112 1752 1239 1792 supra
1285 1737 1396 1792 (pag.
1424 1742 1487 1791 57)
1534 1737 1784 1779 refellimus.

251 1809 377 1849 Adde
409 1809 523 1862 quod
553 1807 734 1849 minime
763 1809 984 1863 probabile
1015 1816 1091 1857 est,
1125 1809 1239 1850 hanc
1259 1808 1596 1863 Babyloniorum
1625 1809 1789 1851 hebdo-

251 1879 422 1920 madem
465 1887 541 1921 aut
575 1879 789 1934 principio
828 1880 963 1922 fuisse
999 1880 1298 1936 astrologicam
1338 1886 1412 1922 aut
1449 1880 1615 1921 ratione
1655 1887 1791 1922 astro-

250 1950 389 2005 logica
434 1965 487 1992 ex
530 1951 673 1992 lunari
713 1965 803 1992 esse
842 1958 1000 2004 ortam,
1051 1951 1150 2005 quia
1190 1951 1472 1993 hebdomadis
1511 1951 1788 2006 astrologicae

251 2022 355 2063 ordo
385 2024 438 2063 ab
470 2023 621 2065 ordine
660 2023 875 2064 mensium
905 2023 1125 2064 lunarium
1155 2023 1377 2075 abhorret,
1410 2038 1509 2065 cum
1539 2037 1623 2078 quo
1652 2023 1788 2078 baby-

251 2093 491 2135 lonicarum
520 2095 841 2136 hebdomadum
871 2096 974 2136 ordo
1004 2095 1246 2136 necessario
1277 2095 1532 2150 conjunctus
1562 2101 1641 2136 est.

365 2173 462 2214 Jam
492 2187 683 2227 propono
713 2187 870 2214 novam
900 2173 1183 2226 sententiam,
1223 2188 1311 2214 non
1341 2180 1562 2227 tamquam
1591 2172 1789 2228 explora-

252 2249 340 2283 tam
372 2258 466 2284 eam
496 2244 686 2298 quidem,
721 2251 764 2285 at
794 2251 907 2286 certe
938 2245 1134 2299 dignam,
1169 2259 1277 2299 quae
1309 2244 1541 2299 diligenter
1570 2244 1790 2285 examine-

254 2321 340 2356 tur.
403 2315 679 2356 Numerus
720 2315 980 2356 senarius
1019 2316 1065 2356 in
1096 2315 1434 2371 Babyloniorum
1473 2317 1601 2357 rebus
1640 2317 1787 2357 crebro

254 2386 460 2427 occurrit:
497 2394 560 2428 est
590 2402 679 2428 non
708 2388 835 2428 modo
867 2388 938 2429 dei
967 2389 1139 2429 Reimfm
1168 2401 1374 2428 numerus
1410 2402 1459 2428 ac
1489 2387 1668 2428 deorum
1696 2401 1789 2428 ma-

247 2457 392 2511 j01um
421 2472 652 2499 numerum
684 2460 791 2512 (306)
831 2459 892 2500 sic
922 2459 1098 2511 dividit,
1142 2466 1191 2500 ut
1229 2458 1341 2499 nihil
1369 2458 1654 2512 relinquatur,
1695 2459 1783 2510 sed,

253 2528 298 2569 id
329 2530 443 2583 quod
473 2530 646 2585 gravius
678 2536 752 2580 est,
788 2530 835 2570 in
865 2545 1165 2571 mensurarum
1195 2530 1519 2585 ponderumque
1548 2530 1788 2573 rationibus

253 2599 481 2654 aliquoties
512 2608 555 2642 et
585 2602 675 2656 ipse
706 2601 819 2642 inest
850 2609 893 2642 et
922 2616 1128 2642 numerus
1159 2601 1482 2656 sexagenarius:
1524 2607 1539 2641 1
1575 2615 1712 2643 sossos
1733 2620 1788 2636 =

348 2757 374 2797 1)
402 2754 456 2789 Of.
482 2755 746 2790 Robertson
772 2754 935 2798 Smith,
965 2757 1020 2790 the
1038 2757 1210 2802 prophete
1233 2757 1278 2801 os
1298 2756 1414 2790 Israel
1440 2755 1564 2800 (1882),
1592 2766 1628 2800 p.
1648 2756 1714 2788 384
1731 2765 1786 2799 sq.

345 2814 375 2854 2)
406 2813 564 2847 Records
588 2815 635 2858 of
654 2813 707 2847 the
731 2814 831 2855 Past,
860 2813 931 2847 VII
957 2824 1038 2858 pag.
1066 2815 1138 2847 157.
