1904 3216
860 202 1114 241 -2-

219 324 259 371 9,
289 322 354 359 13.
385 317 464 371 14).
536 317 659 360 Quae
700 315 875 369 quidem
913 314 1027 357 dicta
1063 313 1124 357 sic
1162 313 1265 357 licet
1304 314 1589 370 conjungere:
1631 329 1754 371 prae-

218 388 346 445 cepti,
380 395 430 430 ut
459 387 640 444 septimo
671 401 841 442 quoque
862 386 933 428 die
955 386 1214 441 quiescatur,
1249 400 1377 428 causa
1407 386 1582 441 quidem
1603 392 1668 428 est
1686 385 1756 428 vel

219 460 450 516 exemplar,
497 459 611 514 quod
640 459 760 500 Deus
774 491 784 510 ,
829 472 906 500 sex
940 458 1093 500 diebus
1130 458 1293 500 mundo
1323 458 1537 512 confecto,
1572 444 1755 513 septimo

217 532 398 575 feriatus
428 537 512 572 est:
546 544 623 586 per
651 530 807 572 Mosen
835 544 934 572 vero
964 530 1138 572 demum
1167 529 1330 572 factum
1360 535 1445 583 est,
1490 537 1541 571 ut
1578 543 1629 571 ea
1657 530 1756 571 sab-

217 606 416 646 batorum
443 601 701 655 observatio,
735 617 864 657 quam
892 601 965 644 lex
985 601 1194 644 Sinaitica
1222 601 1418 657 imperat,
1452 601 1585 644 vitam
1613 600 1756 643 homi-

219 690 327 718 num
355 675 662 717 moderaretur.

335 747 421 789 Sed
461 744 730 787 instituturis
768 744 895 788 nobis
934 746 987 788 de
1027 746 1206 787 sabbato
1247 745 1542 800 quaestionem
1579 744 1664 798 ita,
1706 750 1758 787 ut

220 834 314 861 eam
344 832 487 860 rerum
516 824 735 874 gestarum
763 808 994 859 historiam‘
1019 817 1167 859 critica
1195 817 1363 859 ratione
1393 817 1652 871 inquirendo
1682 830 1758 859 ex-

216 890 466 946 pediamus,
518 888 927 944 praetermittendus
977 895 1041 931 est
1088 888 1209 931 locus
1258 889 1311 930 de
1360 890 1538 930 sabbato
1585 894 1758 944 propter

219 961 415 1004 ordinem
465 960 695 1003 creationis
743 961 897 1002 mundi
947 960 1182 1003 constituto
1232 967 1275 1002 et
1315 960 1400 1002 hoc
1442 959 1753 1014 quaerendum,

220 1034 393 1089 quando
439 1040 482 1075 et
526 1047 610 1087 qua
652 1031 820 1074 ratione
865 1033 1042 1074 sabbata
1088 1032 1176 1074 sint
1214 1033 1268 1074 ab
1311 1031 1563 1074 hominibus
1602 1030 1758 1087 agitari

220 1111 384 1160 coepta,
420 1111 463 1146 et
493 1104 650 1160 quibus
679 1103 947 1159 temporibus
984 1103 1054 1145 vel
1082 1117 1220 1145 novae
1249 1102 1478 1145 hominum
1507 1102 1560 1145 de
1590 1101 1759 1145 sabbati

219 1183 374 1219 natura
413 1176 655 1219 sententiae
686 1174 954 1228 exstiterint,
997 1174 1065 1217 vel
1105 1180 1392 1217 commutatus
1431 1173 1490 1216 sit
1524 1174 1679 1216 modus
1708 1188 1759 1217 ac

219 1248 329 1291 ratio
358 1248 528 1291 sabbati
559 1245 820 1290 celebrandi.

333 1321 481 1362 Partes
502 1325 647 1361 autem
668 1317 1045 1361 commentationis
1075 1324 1246 1360 nostrae
1276 1317 1357 1360 hae
1387 1324 1536 1360 erunt:
1569 1316 1759 1373 primum

221 1391 554 1447 explorabimus,
590 1404 698 1445 quae
730 1389 899 1431 sabbati
928 1396 1028 1431 ante
1048 1390 1204 1432 Mosen
1223 1389 1368 1444 aliquo
1389 1389 1516 1431 modo
1547 1388 1760 1432 observati

221 1462 406 1518 vestigia
434 1463 482 1503 in
512 1461 634 1502 libris
665 1461 796 1503 sacris
817 1461 1110 1503 Israelitarum
1140 1467 1216 1503 aut
1235 1461 1283 1502 in
1303 1467 1540 1503 ceterarum
1561 1460 1760 1516 gentium

221 1533 359 1576 literis
390 1532 769 1588 monumentisque
809 1538 1001 1574 exstent:
1048 1532 1206 1575 deinde
1242 1532 1375 1574 libros
1406 1531 1576 1575 Veteris
1605 1532 1759 1574 Testa-

221 1605 358 1647 menti
402 1604 710 1660 persorutando
755 1604 1050 1659 exquiremus,
1103 1604 1398 1646 Israelitarum
1445 1602 1662 1646 sententia
1705 1603 1758 1646 de

222 1676 391 1719 sabbati
441 1684 597 1718 natura
640 1675 804 1730 otiique
847 1674 1058 1718 sabbatioi
1104 1675 1359 1718 auctoritate
1411 1681 1560 1717 utrum
1609 1674 1759 1717 eadem

223 1763 391 1804 semper
433 1747 564 1790 fuerit
604 1747 705 1789 inde
748 1762 773 1789 a
811 1746 946 1789 Mosis
981 1754 1142 1800 aetate,
1188 1761 1245 1788 an
1280 1746 1459 1790 diversis
1493 1745 1759 1803 temporibus

223 1819 405 1861 diversa.
