1904 3216
777 181 1062 221 „21-

144 293 304 350 quibus
333 293 409 336 ille
438 294 616 350 planeta
645 294 744 336 luce
764 300 937 336 austera
964 294 1115 337 lucens
1136 296 1333 338 omnium
1354 296 1700 352 ignobilissimus

144 373 189 410 et
216 365 398 408 minime
429 366 631 410 sublimis
662 366 780 408 visus
812 373 891 408 est.
945 367 1091 422 Atque
1114 375 1228 410 errat
1247 368 1322 410 ille
1344 368 1537 423 quidem,
1564 384 1700 423 quum

141 445 268 496 putat
295 437 469 495 probari
500 438 752 494 opinionem
782 453 905 481 suam
935 440 1018 481 hac
1040 440 1220 482 Celsi¹
1252 440 1516 484 narratione.
1570 443 1614 483 Is
1646 442 1700 483 de

141 511 361 567 mysteriis
381 510 639 564 Mithrae,
677 511 905 553 Persarum
926 511 1010 565 dei,
1047 514 1179 554 verba
1198 512 1362 555 faciens
1393 512 1440 554 in
1471 512 1559 555 illis
1591 514 1699 555 duas

141 583 252 626 coeli
282 583 500 640 sphaeras,
535 583 579 624 h.
605 597 643 625 e.
669 583 960 625 inerrantium
992 583 1216 626 stellarum
1248 592 1291 627 et
1313 586 1567 639 errantium,
1602 586 1700 628 ani-

140 669 318 710 masque
348 670 426 712 per
456 670 528 698 eas
570 662 843 698 transeuntes
883 655 1076 711 imagine
1118 656 1305 712 exprimi
1344 657 1453 700 dicit
1501 658 1700 701 adhibita

140 727 257 770 scala
286 734 455 784 septem
480 727 630 782 januis
661 727 887 781 instructa,
922 727 970 769 in
1001 743 1086 783 qua
1106 743 1277 771 summa
1298 729 1356 771 sit
1370 729 1508 785 janua
1529 737 1695 773 octava.

138 799 332 842 Primam
355 799 539 856 januam
570 815 624 842 ex
651 800 831 856 plumbo
861 800 1020 842 factam
1042 815 1146 854 esse,
1184 802 1422 844 secundam
1449 817 1502 844 ex
1521 809 1694 858 stanno,

138 871 314 915 tertiam
344 887 399 918 ex
428 887 546 926 aere,
594 879 790 927 quartam
821 888 875 915 ex
904 873 1041 927 ferro,
1088 874 1287 929 quintam
1319 888 1373 915 ex
1402 889 1500 916 aere
1540 875 1693 930 mixto,

138 951 306 988 sextam
336 959 391 987 ex
421 952 623 1001 argento,
668 946 898 1001 septimam
940 961 993 988 ex
1033 961 1150 988 auro.
1216 946 1407 988 Januam
1445 947 1697 1003 plumbeam

139 1017 339 1069 Saturno,
377 1024 606 1060 stanneam
626 1017 804 1072 Veneri,
839 1018 1051 1061 aheneam
1070 1019 1099 1060 J
1101 1018 1189 1072 ovi,
1226 1018 1410 1061 ferream
1430 1020 1650 1063 Mercurio
1663 1023 1693 1074 2,

138 1104 194 1132 ex
221 1104 320 1132 aere
350 1090 490 1133 mixto
519 1089 776 1134 fabricatam
815 1091 974 1145 Marti,
1020 1097 1272 1147 argenteam
1301 1092 1477 1146 Lunae,
1520 1107 1697 1135 auream

139 1161 232 1204 Soli
261 1161 459 1205 attribui.
523 1164 673 1208 Quum
697 1162 836 1219 janua
866 1164 914 1205 in
945 1178 1115 1206 summa
1145 1164 1261 1207 scala
1298 1165 1508 1208 collocata
1547 1165 1697 1221 appel-

137 1234 227 1278 lata
255 1234 315 1278 sit
335 1238 554 1288 „octava“,
590 1250 682 1277 non
710 1235 881 1289 dubito,
917 1236 1024 1291 quin
1046 1237 1285 1292 ‚,septima“
1317 1237 1375 1280 sit
1394 1237 1461 1280 illi
1481 1237 1690 1294 proxima,

136 1307 278 1363 prima
316 1307 488 1360 infima,
535 1309 654 1349 Baur
693 1307 845 1364 igitur,
891 1308 967 1363 qui
1006 1308 1259 1364 plumbeam
1298 1310 1478 1352 Saturni
1513 1309 1697 1365 januam

135 1385 312 1422 octavae
350 1379 595 1436 proximam
633 1381 890 1422 antecedere
932 1380 1070 1434 dicat,
1116 1389 1242 1424 erret.
1298 1383 1523 1439 ‚Ceterum
1561 1399 1697 1438 quum

134 1450 308 1494 animae
337 1451 568 1507 septimam
591 1451 774 1507 januam
806 1451 1022 1494 intrantes
1051 1454 1107 1495 ad
1136 1454 1271 1496 finem
1300 1453 1472 1498 itineris
1504 1455 1696 1498 faciendi

134 1538 226 1566 non
253 1523 526 1580 perveniant,
564 1524 772 1579 quoniam
802 1524 1000 1579 sequitur
1030 1533 1196 1580 octava,
1231 1526 1416 1582 septima
1438 1527 1514 1569 illa
1535 1528 1695 1583 quietis

136 1595 314 1652 signum
343 1611 436 1639 esse
465 1597 635 1652 nequit.
694 1597 819 1639 Idem
850 1598 954 1640 ordo
985 1597 1033 1639 in
1062 1604 1229 1654 septem
1259 1600 1491 1642 moenibus
1521 1602 1697 1643 Ecba—

137 1675 322 1723 tanae,
346 1669 468 1712 urbis
488 1669 701 1722 Medicae,
730 1669 924 1712 cernitur
937 1672 975 1711 3:
1011 1685 1164 1713 murus
1186 1671 1304 1713 enim
1324 1674 1479 1715 urbem
1499 1673 1697 1729 proxime

136 1740 319 1798 cingens
349 1741 507 1796 aureis,
543 1743 762 1784 secundus
794 1743 1035 1799 argenteis,
1071 1743 1228 1786 tertius
1257 1745 1481 1800 puniceis,
1517 1752 1696 1800 quartus

137 1813 364 1867 caeruleis,
399 1814 579 1869 quintus
611 1815 922 1869 sandaracinis,
958 1823 1105 1858 sextus
1126 1817 1279 1870 albis4,
1316 1824 1536 1860 extremus
1556 1818 1696 1874 nigris

135 1885 477 1942 propugnaculis
506 1886 746 1930 instructus
776 1887 885 1942 fuit,
929 1903 1035 1943 quos
1067 1889 1231 1931 colores
1262 1890 1317 1932 ad
1347 1897 1516 1946 septem
1545 1890 1698 1946 plane-

136 1965 202 2000 tas
243 1965 438 2014 spectare
482 1959 557 2000 vix
599 1965 743 2015 potest
785 1960 952 2016 negari.
1031 1962 1087 2002 In
1129 1961 1212 2004 hoc
1257 1977 1429 2017 quoque
1473 1978 1698 2006 murorum

136 2030 290 2074 ordine
321 2030 435 2074 Solis
466 2031 582 2074 orbis
613 2031 714 2073 urbi
743 2031 828 2088 ipsi
857 2033 1080 2089 proximus
1112 2041 1155 2075 et
1183 2034 1401 2077 finitimus
1433 2042 1513 2090 est,
1548 2035 1596 2077 in
1627 2050 1693 2091 eo,

134 2109 186 2145 ut
225 2103 333 2146 dicit
370 2104 646 2157 Herodotus,
699 2102 755 2146 τὰ
803 2103 1018 2163 βασιλήϊα
1065 2105 1212 2149 ἔνεστι
1251 2107 1325 2149 καὶ
1368 2107 1411 2150 οἱ
1452 2110 1693 2166 θησαυροί.

134 2176 235 2219 Jam
264 2190 319 2219 ex
349 2190 411 2230 eo,
449 2177 566 2231 quod
595 2176 826 2232 plumbum
857 2185 901 2220 et
931 2178 1048 2220 color
1078 2179 1205 2236 niger
1227 2180 1415 2223 Saturno
1446 2181 1697 2224 attribuun-

135 2255 219 2302 tur,
255 2255 435 2305 apparet
464 2264 565 2291 eum
595 2264 685 2292 non
715 2249 981 2292 altissimum
1011 2258 1056 2293 et
1086 2252 1454 2305 excelsissimum,
1491 2255 1567 2296 sed
1598 2269 1698 2310 gra-

134 2321 362 2364 vissimum
383 2328 427 2364 et
446 2322 796 2365 fimestissimum
815 2322 1037 2379 planetam
1057 2324 1259 2367 habitum
1290 2340 1396 2379 esse,
1434 2341 1698 2382 quamquam

159 2498 162 2500 ’
230 2502 261 2544 1)
289 2501 400 2549 Apud
426 2500 530 2548 Orig.
558 2506 685 2538 contra
709 2501 804 2538 Cels.
829 2502 882 2537 VI
908 2505 950 2538 22
978 2506 1026 2551 (p.
1043 2506 1111 2539 336
1129 2516 1209 2551 sqq.
1237 2505 1294 2541 ed.
1315 2505 1595 2549 Lommatzseh).
1638 2505 1695 2541 Cf.

136 2557 350 2606 Spiegel,
381 2560 576 2596 Eruniaehe
590 2560 918 2604 Altwtumskunde,
945 2561 986 2596 II
1011 2564 1065 2597 86.

228 2618 260 2660 2)
288 2616 408 2653 Janua
432 2617 551 2654 ferrea
575 2623 612 2654 et
637 2631 681 2654 ex
706 2630 787 2654 aere
811 2618 926 2654 mixto
951 2619 1049 2656 facta
1073 2633 1094 2655 a
1119 2620 1227 2656 Celso
1260 2620 1338 2657 sive
1364 2620 1524 2666 Origene
1549 2633 1697 2668 permu-

134 2678 234 2710 tatae
258 2685 338 2711 esse
361 2675 548 2711 videntur.
598 2676 732 2712 Martis
753 2676 867 2723 janua
893 2677 1056 2724 profecto
1081 2678 1200 2714 ferrea
1225 2678 1311 2714 fuit.

227 2734 260 2775 3)
286 2732 426 2768 Herod.
448 2734 467 2769 I
492 2735 547 2769 98.

227 2792 259 2832 4)
288 2789 502 2826 Herodotus
535 2797 639 2828 sexto
675 2804 779 2829 muro
812 2792 937 2839 nigra,
973 2793 1129 2840 septimo
1162 2793 1246 2830 alba
1277 2793 1554 2841 propugnacula
1582 2794 1697 2830 fuisse

134 2847 260 2886 dicens
283 2859 404 2886 errare
428 2847 585 2887 videtur.
