1904 3216
715 197 774 203 -
835 173 885 213 17
945 195 1003 201 ,-

194 289 475 332 Planetarum
505 288 631 330 illum
647 286 859 329 ‘ordinem
888 286 946 342 Θ
980 285 1019 341 K
1046 285 1097 340 0³¹
1133 284 1167 341 {3}
1202 284 1250 341 21.
1283 284 1322 341 ῼ
1356 284 1423 341 D,
1468 285 1543 340 qui
1574 292 1639 327 est

83 362 132 406 in
149 368 316 418 septem
346 360 518 403 dierum
549 358 857 416 appellatione,
893 372 1029 414 quum
1058 370 1276 413 nusquam
1306 356 1412 398 alibi
1442 364 1638 413 repertus

83 449 161 492 per
197 448 244 476 se
283 447 414 489 quam
450 432 588 488 possit
625 432 786 474 habere
826 430 1151 483 auctoritatem,
1199 429 1391 486 intelligi
1431 437 1633 485 nequeat,

83 505 229 563 aliquo
258 505 387 548 modo
419 519 474 547 ex
503 504 590 547 alio
627 504 778 547 ordine
821 504 1059 545 deductum
1100 517 1191 544 esse
1230 509 1366 558 patet.
1430 503 1487 545 Et
1525 518 1640 545 unus

83 585 257 623 tantum
287 584 372 631 est,
410 592 464 620 ex
493 592 579 632 quo
610 577 711 620 duci
739 575 897 633 possit,
934 574 1061 616 illum
1101 574 1217 628 dico,
1255 575 1330 630 qui
1355 574 1448 631 jam
1477 576 1642 632 Pytha-

85 665 215 709 gorae
235 650 335 707 fuit,
370 664 500 706 quem
522 649 719 692 docuisse
740 649 962 701 tradunt1,
1000 648 1174 689 Lunam
1204 654 1341 690 terrae
1373 663 1465 691 esse
1494 649 1650 705 proxi2

84 738 222 778 mam,
267 722 473 778 deinceps
503 722 796 776 Mercurium,
830 728 925 763 tum
955 720 1198 774 Venerem,
1235 721 1402 771 Solem,
1436 722 1638 776 Martem,

85 797 253 850 Jovem,
288 796 527 839 Saturnum
558 794 696 850 sequi,
731 808 862 850 quam
892 793 946 835 ad
977 792 1241 835 sententiam
1262 808 1363 834 eum
1384 794 1639 848 celeritates,

87 867 247 924 quibus
296 867 500 924 planetae
550 867 720 910 coelum
769 872 1051 922 percurrunt,
1107 866 1358 908 observatae
1408 867 1644 909 adduxisse

86 939 304 983 videntur.
379 940 583 983 Eundem
622 939 896 995 planetarum
937 938 1135 980 ordinem
1175 952 1267 980 esse
1307 945 1457 994 postea
1497 939 1646 981 Ptole-

86 1027 237 1070 maeus
273 1012 442 1055 statuit.
505 1013 573 1054 Ex
602 1026 653 1054 eo
684 1011 915 1054 nominum
953 1010 1108 1052 diebus
1138 1010 1425 1053 hebdomadis
1466 1010 1646 1067 imposi-

87 1092 233 1128 torum
264 1085 367 1128 ordo
397 1085 562 1141 pendet
590 1084 675 1127 hoc
704 1084 857 1125 modo:
899 1083 1091 1139 primum
1126 1082 1247 1126 illius
1288 1083 1454 1126 ordinis
1493 1083 1647 1140 plane-

88 1165 178 1201 tam
208 1158 258 1200 in
286 1158 559 1200 hebdomade
589 1157 788 1212 sequitur
808 1155 1004 1211 ejusdem
1025 1156 1191 1198 ordinis
1213 1156 1405 1215 quintus,
1443 1156 1647 1212 quintum

90 1231 310 1273 secundus
348 1231 416 1286 (=
446 1245 613 1282 nonus,
661 1227 831 1283 quoties
852 1228 988 1285 *enim
1028 1229 1076 1270 in
1106 1230 1378 1271 numerando
1418 1230 1474 1271 ad
1512 1231 1647 1271 finem

91 1302 219 1345 seriei
246 1302 444 1356 veneris,
487 1296 541 1344 ab
572 1301 700 1344 initio
731 1315 882 1343 rursus
924 1300 1230 1356 incipiendum
1261 1303 1359 1358 est),
1405 1303 1648 1344 secundum

55 1414 60 1419 f
89 1381 264 1428 sextus,
298 1381 474 1417 sextum
504 1374 660 1416 tertius
698 1373 766 1429 (=
788 1372 1000 1429 decimus)
1036 1381 1134 1427 etc.,
1171 1374 1243 1416 vel
1272 1374 1426 1416 ordine
1456 1374 1644 1429 inverso,

90 1447 152 1489 ita
171 1453 224 1489 ut
244 1446 460 1490 Saturnus
480 1446 684 1503 primum,
721 1447 848 1488 Luna
868 1444 1077 1487 ultimum
1097 1445 1242 1488 locum
1264 1454 1424 1501 teneat,
1459 1447 1650 1503 primum

91 1519 291 1575 sequitur
319 1525 522 1575 quartus,
567 1524 770 1574 quartum
800 1517 1037 1573 septimus,
1082 1519 1319 1575 septimum
1360 1519 1516 1563 tertius
1555 1519 1651 1575 pla-

87 1598 190 1634 neta
220 1598 303 1635 ete.
357 1593 512 1648 Itaque
542 1597 619 1633 aut
651 1589 830 1633 Saturni
860 1589 954 1632 dies
985 1597 1062 1632 aut
1081 1591 1236 1634 Lunae
1268 1599 1334 1634 est
1361 1592 1651 1635 hebdomadis

88 1663 278 1720 primus,
323 1671 368 1707 et
406 1664 444 1707 si
483 1664 559 1706 ille
600 1671 688 1718 est,
744 1662 942 1718 sequitur
982 1662 1074 1705 dies
1115 1664 1234 1706 tertii
1271 1672 1370 1721 post
1412 1665 1651 1707 Saturnum

89 1736 304 1792 planetae,
342 1736 412 1779 sin
441 1736 526 1790 hic,
563 1735 762 1792 sequitur
793 1735 937 1791 quarti
966 1743 1067 1791 post
1094 1736 1283 1778 Lunam.

206 1809 294 1851 Dio
325 1809 500 1852 Cassius
510 1811 541 1863 ²,
585 1809 662 1865 qui
700 1808 783 1851 hac
821 1809 875 1850 de
905 1822 950 1850 re
988 1808 1158 1864 prolixe
1197 1809 1429 1863 disseruit,
1472 1809 1652 1851 Saturni

93 1881 211 1923 diem
239 1880 382 1937 primo
410 1880 506 1923 loco
534 1881 661 1936 ponit
691 1888 735 1923 et
764 1881 894 1923 tertio
922 1887 1022 1935 post
1043 1880 1282 1923 Saturnum
1311 1882 1513 1937 planetae
1535 1882 1652 1924 diem

92 1953 340 2009 proximum
371 1953 480 1996 dicit
508 1953 671 1995 idcirco
702 1952 908 2006 attribui,
954 1958 1031 1994 aut
1061 1953 1178 2007 quod
1213 1952 1261 1994 in
1302 1968 1458 1996 vocum
1496 1954 1652 1996 discri—

92 2025 289 2068 minibus
327 2025 595 2068 musicorum
640 2024 909 2067 diatessaron
954 2023 1012 2067 sit
1052 2024 1403 2080 insignissimum
1444 2052 1500 2057 —
1542 2042 1652 2082 quae

93 2098 272 2154 quidem
302 2098 453 2154 opinio
482 2112 638 2154 parum
676 2097 787 2139 mihi
826 2097 990 2140 arridet
1025 2122 1100 2150 —,
1155 2104 1232 2139 aut
1270 2099 1386 2153 quod
1426 2099 1646 2155 astrologi,

96 2170 336 2213 Saturnum
366 2170 532 2226 primae
562 2170 631 2213 sui
670 2170 760 2212 diei
797 2170 928 2212 horae
963 2183 1182 2225 praeesse,
1225 2171 1253 2211 J
1255 2185 1379 2213 ovem
1416 2172 1648 2224 secundae,

94 2243 283 2286 Martem
312 2243 482 2298 tertiae,
518 2243 664 2286 Solem
694 2250 885 2298 quartae,
919 2243 1135 2285 Venerem
1157 2242 1348 2297 quintae,
1384 2244 1654 2287 Mercurium

95 2322 256 2371 sextae,
292 2316 467 2358 Lunam
498 2315 723 2371 septimae,
756 2330 908 2359 rursus
940 2317 1180 2360 Saturnum
1211 2324 1387 2360 octavae
1417 2324 1653 2372 posteaque

96 2387 276 2444 quintae
307 2387 523 2442 decimae,
567 2387 797 2430 vicesimae
828 2388 973 2443 alteri,
1015 2390 1170 2432 Jovem
1206 2397 1354 2432 sextae
1386 2389 1580 2431 decimae
1611 2396 1655 2431 et

96 2459 329 2503 vicesimae
356 2459 511 2502 tertiae
541 2466 623 2502 etc.
656 2474 854 2514 praeesse
883 2461 985 2516 rati,
1031 2462 1302 2516 invenerint,
1347 2461 1514 2518 primae
1553 2476 1654 2517 pro-

96 2531 206 2574 ximi
236 2532 325 2575 diei
354 2531 486 2574 horae
515 2547 688 2588 praesse
711 2533 877 2575 Solem:
914 2534 1066 2590 eadem
1097 2535 1150 2576 de
1181 2549 1311 2577 causa
1337 2534 1517 2594 tertium
1538 2534 1654 2575 diem

98 2603 266 2659 Lunae,
299 2611 504 2660 quartum
532 2605 667 2647 Marti
706 2606 887 2648 attribui
925 2614 1008 2649 etc.
1034 2592 1041 2599 ⁶
1081 2608 1180 2649 Hac
1216 2606 1385 2648 ratione
1424 2606 1654 2648 nominum

98 2682 266 2732 septem
295 2677 466 2720 dierum
496 2693 521 2720 a
551 2678 742 2721 naturali
762 2678 1038 2734 planetarum
1057 2679 1169 2721 serie
1192 2680 1493 2721 ducendorum
1513 2678 1656 2734 aptior

194 2787 226 2828 1)
251 2784 348 2823 Plin.
371 2786 407 2822 11.
433 2800 468 2823 11.
493 2788 532 2823 II
557 2790 598 2824 22
610 2800 638 2824 s.
669 2791 723 2823 20.
753 2790 843 2833 §84
887 2788 1076 2825 Censorin.
1102 2786 1147 2828 de
1173 2789 1232 2825 die
1258 2794 1331 2824 nat.
1358 2801 1386 2824 c.
1407 2790 1460 2824 13.

192 2845 226 2886 2)
254 2843 392 2880 Rerum
415 2845 523 2882 Rom.
550 2845 614 2882 lib.
637 2846 822 2881 XXXVII
852 2848 903 2881 18.
935 2849 987 2882 19.

171 2912 192 2938 L
200 2919 216 2938 ο
223 2914 236 2939 t
245 2921 259 2939 z
269 2934 276 2946 ,
296 2913 422 2941 historia
443 2915 567 2942 sabbati.
1358 2917 1377 2949 2
