1904 3216
785 842 993 895 Caput
1027 841 1071 886 Ι.

265 1019 529 1062 Accedimus
550 1034 670 1063 nuno
689 1021 745 1063 ad
766 1020 946 1063 alteram
966 1019 1176 1076 propositi
1196 1027 1363 1077 partem
1383 1020 1706 1077 investigaturi,

150 1104 261 1133 num
291 1092 410 1147 apud
440 1092 742 1135 Israelitas
772 1094 1051 1136 sabbatorum
1092 1092 1337 1136 observatio
1377 1093 1560 1136 diversis
1597 1100 1710 1135 tem—

150 1163 331 1219 poribus
360 1163 494 1207 fuerit
525 1164 709 1219 diversa,
743 1180 801 1207 an
828 1165 932 1208 inde
963 1180 988 1208 a
1016 1165 1155 1208 Mosis
1186 1171 1326 1208 aetate
1357 1166 1509 1207 eadem
1539 1179 1710 1221 semper

152 1233 286 1278 fuerit
315 1243 392 1278 aut
420 1236 550 1279 modo
579 1237 761 1292 paulum
792 1237 939 1293 aliqua
969 1252 1024 1280 ex
1060 1244 1182 1294 parte
1222 1244 1391 1280 mutata
1429 1238 1500 1279 sit.
1563 1239 1709 1292 Atque

139 1304 235 1350 ‘tria
264 1307 398 1364 hujus
428 1308 530 1350 libri
562 1316 691 1351 erunt
720 1309 876 1365 capita,
914 1323 1049 1364 quum
1081 1309 1372 1351 controversia
1403 1309 1480 1359 sit,
1517 1310 1709 1365 primum

153 1393 260 1434 quos
291 1378 383 1422 dies
413 1379 480 1421 illi
508 1376 748 1423 habuerint
783 1383 986 1435 sabbata,
1033 1381 1192 1424 deinde
1229 1395 1314 1436 quo
1352 1381 1482 1423 modo
1517 1381 1710 1423 celebra-

149 1450 307 1505 verint,
340 1458 559 1507 postremo
591 1466 721 1507 quam
751 1468 927 1496 eausam
958 1452 1223 1495 crediderint
1252 1453 1445 1495 sabbatis
1476 1452 1661 1496 otiandi.

264 1522 463 1565 Primum
495 1523 729 1578 quaeritur,
763 1532 912 1568 utrum
942 1524 1047 1567 inde
1078 1540 1102 1567 a
1132 1525 1271 1567 Mosis
1308 1525 1453 1568 aetate
1484 1525 1709 1568 Israelitae

147 1593 385 1649 septimum
406 1609 622 1652 quemque
650 1596 767 1639 diem
788 1598 1019 1639 sabbatum
1039 1596 1288 1651 habuerint,
1313 1597 1535 1640 mensium
1556 1598 1709 1640 ordine

147 1664 196 1707 in
225 1665 308 1709 hac
337 1680 384 1710 re
414 1667 637 1725 neglecto,
680 1684 737 1711 an
771 1669 982 1725 proximis
1021 1676 1120 1725 post
1158 1669 1285 1711 illum
1325 1670 1510 1712 saeculis
1550 1669 1709 1713 iisdem

147 1750 318 1794 semper
345 1740 566 1783 mensium
597 1740 753 1783 diebus
783 1741 872 1783 illis
903 1742 1083 1784 sabbata
1102 1741 1269 1784 fuerint
1298 1741 1414 1784 sicut
1432 1742 1706 1798 Babyloniis,

148 1823 174 1851 a
214 1809 374 1865 quibus
413 1813 593 1855 sabbata
631 1812 773 1869 primo
812 1813 993 1855 inventa
1038 1827 1131 1855 esse
1173 1813 1491 1857 existimamus.
1562 1816 1708 1870 Atque

150 1895 286 1936 quum
330 1884 598 1940 Babylonios
650 1886 829 1927 sabbata
880 1899 1050 1941 semper
1099 1884 1304 1941 septimo,
1359 1887 1502 1941 XIV0,
1553 1889 1703 1942 XX1⁰‚

147 1955 372 1998 XXVIII⁰
402 1956 565 1999 mensis
598 1957 754 1999 diebus
795 1957 938 2013 egisse
978 1957 1238 2010 viderimus,
1283 1959 1336 1999 ab
1376 1958 1518 2013 iisque
1559 1960 1710 2002 creda-

149 2040 248 2069 mus
278 2027 497 2071 Israelitas
529 2030 708 2071 sabbata
738 2029 970 2085 accepisse,
1006 2030 1304 2085 quaerendum
1336 2037 1401 2072 est
1420 2030 1564 2085 nobis,
1599 2046 1708 2073 num

148 2106 250 2142 ante
279 2099 436 2143 Mosen
466 2108 543 2143 aut
574 2115 623 2143 eo
654 2101 952 2144 Israelitarum
983 2102 1093 2144 duce
1122 2101 1199 2144 illa
1240 2104 1521 2146 sabbatorum
1562 2103 1709 2159 dispo-

148 2170 251 2214 sitio
279 2179 449 2215 mutata
480 2172 558 2227 sit,
603 2189 660 2216 an
689 2174 909 2231 prioribus
949 2167 1049 2230 post
1078 2174 1236 2217 Mosen
1267 2175 1451 2218 saeculis
1482 2175 1708 2220 Israelitae

147 2258 313 2287 morem
328 2244 640 2300 babylonicum
660 2246 899 2290 tenuerint.
945 2246 1065 2288 Illud
1084 2246 1224 2289 multo
1244 2247 1541 2302 verisimilius,
1567 2262 1708 2303 paene

148 2315 334 2359 dixerim
366 2324 535 2360 certum
566 2319 694 2361 duco.
755 2319 870 2362 Nam
914 2333 1049 2374 quum
1087 2333 1217 2361 nemo
1245 2318 1390 2361 adhuc
1420 2319 1703 2373 dubitaverit,

147 2395 263 2430 certe
293 2389 531 2445 posteriore
561 2397 756 2447 tempore
794 2391 1014 2434 Israelitas
1053 2391 1290 2447 septimum
1333 2405 1551 2446 quemque
1589 2391 1706 2434 diem

146 2461 378 2503 sabbatum
407 2461 628 2517 habuisse,
665 2464 714 2506 in
743 2462 867 2506 libris
899 2470 1046 2506 autem
1077 2478 1229 2506 eorum
1268 2470 1463 2506 mutatae
1502 2464 1707 2505 sabbato-

145 2547 244 2575 rum
275 2532 574 2590 dispositionis
604 2535 728 2578 nulla
770 2543 908 2579 exstet
947 2535 1180 2589 memoria,
1229 2550 1372 2591 neque
1412 2542 1512 2591 post
1549 2536 1706 2578 Mosen

146 2614 319 2664 tempus
367 2608 506 2651 fuisse
555 2607 777 2661 videatur,
843 2622 927 2663 quo
978 2607 1195 2664 ejusmodi
1243 2608 1429 2650 mutatio
1480 2608 1706 2650 commode

144 2679 338 2736 potuerit
365 2679 476 2735 fieri,
512 2680 650 2723 Mosis
681 2687 821 2723 aetate
852 2694 947 2722 eam
978 2687 1055 2723 aut
1085 2686 1213 2738 antea
1253 2679 1413 2721 factam
1454 2693 1547 2722 esse
1581 2679 1706 2734 judi-

145 2751 336 2794 candum
367 2760 445 2795 est.

261 2824 357 2867 Nec
378 2823 610 2880 quisquam
633 2823 679 2866 id
700 2823 747 2866 in
770 2823 954 2866 dubium
975 2832 1163 2879 vocaret,
1187 2824 1275 2867 nisi
1296 2824 1539 2880 complures
1561 2831 1706 2866 essent
