1904 3216
858 185 1143 225 —72-

228 297 326 339 Vet.
362 297 631 339 Testamenti
660 297 744 339 loci
760 299 787 349 ¹,
823 297 980 351 quibus
1012 297 1144 340 simul
1174 298 1341 340 dierum
1379 299 1509 342 lunae
1547 315 1684 343 novae
1724 307 1766 344 et

228 370 503 410 sabbatorum
533 367 596 409 ita
625 367 791 410 mentio
820 368 882 422 fit,
928 374 977 409 ut
1007 383 1057 410 ea
1087 368 1282 424 ejusdem
1311 371 1481 426 generis
1512 371 1603 414 dies
1634 372 1765 415 festos

226 438 361 482 fuisse
401 438 610 494 suspicari
649 438 790 480 liceat.
855 439 964 480 Inde
1004 446 1097 481 orta
1137 447 1201 482 est
1232 442 1459 495 sententia,
1507 443 1639 485 etiam
1668 446 1767 486 sab-

225 512 327 552 bata
356 510 573 565 principio
603 511 755 552 Lunae
786 509 877 551 dies
907 510 1039 553 festos
1068 510 1216 553 fuisse.
1272 513 1418 556 Quum
1448 521 1594 556 autem
1622 517 1766 572 Baby-

225 582 441 624 loniorum
471 583 650 623 sabbata
680 581 772 623 dies
802 581 932 623 festos
963 582 1115 624 Lunae
1146 597 1236 624 non
1265 582 1397 626 fuisse
1427 599 1557 640 supra
1587 586 1766 629 demon-

225 659 409 694 stratum
439 652 509 706 sit,
543 667 686 706 neque
715 652 936 707 probabile
967 654 1038 710 sit,
1072 654 1295 697 Hebraeos
1325 669 1402 697 sua
1423 657 1600 715 sabbata
1619 666 1767 712 postea

226 725 377 765 Lunae
408 737 691 776 consecrasse,
724 723 831 766 haec
861 724 1080 766 sententia
1108 726 1377 780 reprobanda
1407 734 1485 769 est.
1548 728 1700 783 Itaque
1729 728 1767 770 si

224 795 438 837 Hebraeis
469 794 638 836 dierum
668 794 878 836 festorum
907 810 1044 837 novae
1073 795 1204 837 lunae
1230 796 1584 840 celebrandorum
1605 805 1648 841 et
1668 800 1767 840 sab-

224 869 423 909 batorum
454 867 720 922 agendorum
750 866 905 908 similis
934 867 1087 909 modus
1117 866 1203 908 fuit
1229 868 1378 921 (quum
1397 869 1629 924 Babylonii
1650 870 1766 912 diem

224 952 361 980 novae
391 938 522 979 lunae
551 937 673 979 nullo
705 938 831 979 modo
862 939 1050 980 sabbatis
1081 938 1396 994 aequaverint),
1439 955 1489 982 ea
1526 940 1766 983 similitudo

225 1009 310 1051 fuit
340 1009 463 1063 quasi
493 1008 671 1050 fortuita
691 1023 832 1062 neque
854 1010 908 1051 ab
928 1010 1100 1064 aequali
1119 1017 1401 1065 utrorumque
1423 1010 1592 1053 dierum
1610 1015 1767 1054 natura

223 1081 428 1137 profecta,
464 1080 525 1121 ita
554 1086 604 1121 ut
632 1092 700 1123 res
730 1080 898 1135 origine
929 1095 978 1123 ac
1006 1088 1160 1124 natura
1195 1082 1386 1124 diversae
1421 1081 1608 1125 similem
1642 1097 1768 1139 prae-

223 1152 401 1202 buerint
432 1151 634 1206 speciem.

339 1223 574 1267 Quaeritur
603 1229 762 1274 autem,
797 1238 904 1265 num
934 1223 1016 1265 hoc
1046 1238 1096 1266 eo
1128 1224 1329 1266 effectum
1350 1224 1419 1279 sit,
1455 1225 1570 1279 quod
1591 1225 1768 1267 sabbata

223 1295 380 1337 iisdem
409 1308 577 1350 semper
605 1294 825 1336 mensium
855 1294 1008 1337 diebus
1039 1295 1173 1337 infixa
1202 1295 1385 1350 fuerint,
1429 1295 1490 1338 ita
1525 1302 1576 1338 ut
1603 1295 1768 1351 primus

223 1366 569 1422 uniuscujusque
599 1366 761 1408 mensis
802 1366 893 1409 dies
929 1366 971 1422 (i.
998 1381 1036 1408 e.
1071 1367 1162 1409 dies
1192 1382 1331 1410 novae
1359 1368 1502 1422 lunae)
1540 1368 1768 1409 sabbatum

224 1445 360 1492 esset,
404 1437 495 1479 sive
535 1438 627 1492 ipse
658 1433 756 1480 1¹22&
784 1452 945 1480 nomen
984 1438 1149 1493 accepit
1195 1440 1255 1493 (ut
1293 1439 1523 1494 scriptores
1563 1439 1768 1490 „sabbata

226 1517 270 1553 et
299 1524 433 1552 novas
462 1509 616 1551 lunas“
649 1509 842 1551 dicentes
872 1509 1073 1564 pluribus
1103 1509 1245 1552 verbis
1276 1510 1394 1551 idem
1423 1509 1615 1551 dixerint
1643 1524 1693 1552 ac
1729 1509 1767 1551 si

225 1582 456 1633 „sabbata“
487 1587 659 1622 tantum
690 1580 902 1622 dixissent
912 1582 961 1635 2),
997 1581 1087 1623 sive
1118 1596 1278 1623 nomen
1299 1577 1396 1625 ‘ui-m
1425 1580 1585 1623 tenuit.
1638 1580 1766 1625 Quod

223 1659 338 1695 certo
368 1652 619 1708 negandum
650 1658 728 1694 est.
792 1651 906 1694 Nam
938 1652 975 1694 si
1005 1652 1226 1694 Israelitae
1266 1654 1444 1694 sabbata
1483 1665 1651 1707 semper
1689 1650 1769 1692 iis-

224 1725 323 1766 dem
351 1722 571 1765 mensium
601 1722 755 1765 diebus
787 1722 990 1778 egissent,
1025 1723 1219 1777 profecto
1247 1723 1360 1765 sicut
1379 1722 1613 1778 Babylonii
1633 1722 1767 1777 septi-

223 1809 358 1849 mum,
395 1801 597 1848 quartum
627 1794 845 1836 decimum
860 1796 876 1822 3
906 1801 988 1835 etc.
1015 1796 1193 1836 sabbata
1211 1794 1484 1836 habuissent.
1534 1794 1601 1835 Ita
1621 1800 1768 1835 autem

223 1880 361 1908 novae
387 1865 518 1907 lunae
549 1865 640 1907 dies
670 1880 696 1907 a
725 1866 902 1908 sabbato
933 1866 1216 1908 antecedente
1248 1866 1433 1907 duorum
1461 1864 1536 1910 vel,
1560 1864 1708 1918 unius,
1726 1878 1768 1907 >a

223 1943 433 1992 sequente
464 1936 657 1991 quinque
686 1943 855 1978 tantum
887 1936 1056 1979 dierum
1087 1937 1225 1992 spatio
1245 1936 1469 1993 sejunctus
1486 1936 1656 1990 fuisset,
1689 1948 1770 1978 ne*

226 2023 307 2063 que
337 2010 516 2051 sabbato
548 2022 597 2050 eo
629 2007 699 2051 die
729 2009 897 2063 agendo
927 2009 974 2050 in
1004 2007 1091 2050 illo⁴
1112 2009 1388 2050 sabbatorum
1427 2007 1577 2050 ordine
1614 2007 1768 2049 fuisset

221 2080 358 2122 locus.
411 2079 543 2122 Diem
561 2079 766 2134 primum,
791 2086 1005 2132 octavum,
1032 2079 1236 2133 quintum
1257 2079 1486 2133 decimum,
1511 2078 1767 2122 vicesimum

197 2144 199 2149 ’
225 2151 410 2193 alterum
432 2144 574 2193 'fuisse
605 2152 782 2193 sabbata
810 2165 901 2192 non
929 2157 1070 2206 potest
1101 2151 1236 2204 credi,
1274 2165 1407 2205 quum
1436 2149 1559 2192 nulla
1578 2150 1768 2206 reperia-

225 2230 296 2264 tur
326 2236 468 2276 causa,
503 2237 579 2265 cur
609 2221 700 2263 dies
731 2222 895 2276 VIIIUS,
930 2223 1084 2264 XV¹¹⁸4
1115 2222 1309 2265 distincti
1337 2221 1440 2264 sint.

338 2293 464 2335 Nihil
492 2293 628 2348 igitur
656 2299 797 2348 potest
826 2293 874 2334 in
894 2294 1193 2348 cognoscenda
1213 2307 1353 2347 causa,
1388 2307 1465 2335 cur
1485 2291 1621 2335 simili
1638 2292 1767 2335 modo

321 2416 352 2456 1)
379 2414 492 2449 Amos
510 2414 542 2456 8,
565 2414 596 2447 5.
623 2412 697 2448 Jes.
721 2415 751 2455 1,
776 2414 829 2447 13.
857 2413 988 2448 Ezech.
1005 2415 1060 2456 46,
1085 2415 1115 2447 1.
1136 2415 1167 2448 3.
1193 2415 1213 2447 2
1231 2412 1323 2459 Reg.
1343 2415 1376 2455 4,
1397 2413 1451 2446 23.
1480 2411 1552 2448 Jes.
1571 2413 1626 2454 66,
1647 2412 1702 2446 23.
1720 2431 1766 2437 —

227 2471 277 2506 Et
302 2470 382 2505 dies
405 2481 519 2506 novae
543 2468 651 2505 lunae
677 2474 713 2504 et
738 2470 889 2505 sabbata
913 2474 956 2505 et
980 2469 1233 2505 sollemnia
1267 2468 1491 2516 conjunctim
1522 2471 1767 2504 memorantur

154 2550 156 2552 -
225 2527 316 2564 Hos.
337 2529 370 2569 2,
393 2529 446 2562 13.
472 2526 605 2562 Ezech.
622 2528 678 2570 45,
703 2529 755 2562 17.
779 2526 874 2562 Neh.
897 2528 949 2570 10,
972 2529 1027 2562 34.

317 2585 350 2627 2)
378 2585 570 2627 Lemme‚
600 2585 656 2620 die
679 2584 1114 2630 reliyionsyesckiehtliche
1131 2585 1338 2630 Bedoutunq
1358 2584 1418 2619 dee
1435 2583 1625 2629 Doeatoqa,
1652 2593 1687 2628 p.
1707 2583 1763 2618 61.

318 2643 352 2684 3)
378 2641 469 2676 Dies
493 2641 669 2688 septimus
692 2640 942 2678 Israelitarum
966 2641 997 2678 is
1021 2645 1088 2683 est,
1115 2640 1181 2687 qui
1203 2651 1351 2687 vespere
1376 2639 1450 2675 diei
1475 2639 1622 2687 septimi
1644 2639 1767 2685 Baby-

222 2698 406 2734 loniorum
430 2698 562 2744 incipit
585 2703 651 2734 etc.

317 2758 350 2798 4)
378 2756 482 2790 Luna
505 2755 614 2802 plena
637 2755 798 2802 conspici
824 2754 916 2791 solet
940 2760 1055 2799 nocte,
1093 2767 1114 2790 a
1138 2754 1242 2801 cujus
1274 2754 1381 2790 initio
1415 2754 1493 2790 dies
1525 2753 1656 2800 incipit
1685 2753 1765 2788 He-

225 2813 417 2847 braeorum
440 2812 579 2847 XIVuS.
1211 2804 1214 2808 ⁴
