1904 3216
778 189 1063 228 ..11—

141 303 260 346 unde
289 310 486 360 apparet,
522 304 800 347 sabbatorum
830 301 1177 344 observationem
1207 301 1377 344 dudum
1398 300 1536 343 fuisse
1556 299 1695 356 impe-

141 382 279 419 ratam
293 377 324 418 ¹.

256 447 383 491 Nihil
412 447 549 504 igitur
578 449 734 501 obstat,
768 445 1002 502 quominus
1022 446 1178 488 Mosen
1208 446 1453 499 sabbatum,
1482 443 1575 500 jam
1595 450 1697 486 ante

141 520 287 578 ipsum
317 519 599 575 distinctum,
633 526 807 563 tantum
836 518 1098 561 instaurasse
1130 518 1310 575 ejusque
1340 523 1543 559 naturam
1573 515 1698 571 quasi

141 591 377 636 absolvisse
408 599 538 649 atque
557 592 788 649 perfecisse
820 590 1094 633 arbitremur.
1150 591 1279 633 Certa
1309 604 1411 632 vero
1441 595 1698 646 argumenta

141 665 309 710 scilicet
337 664 464 718 talia,
508 680 620 721 quae
657 664 773 707 hanc
812 663 1075 707 sententiam
1104 663 1347 706 necessarie
1379 663 1691 714 demonstrent,

141 739 190 781 in
218 738 318 782 Vet.
355 737 634 780 Testamento
665 752 756 780 non
784 736 1076 793 reperiuntur.

254 811 321 854 Ac
363 825 420 853 ne
462 810 546 853 hoc
591 809 767 865 quidem
812 808 1083 865 argumentis
1129 822 1184 850 ex
1220 808 1378 850 Vetere
1419 802 1698 850 Testamento

139 882 290 940 petitis
327 883 501 940 probari
536 887 703 938 potest,
745 881 971 923 Hebraeos
1018 887 1119 923 ante
1158 880 1315 923 Mosen
1350 878 1697 922 hebdomadibus

141 969 242 999 usos
267 969 360 999 esse
382 954 512 998 certis
543 954 699 997 diebus
729 952 1057 1009 incipientibus,
1085 967 1268 1009 quarum
1289 952 1470 994 alteram
1492 951 1699 1007 deinceps

140 1027 276 1070 altera
296 1034 446 1071 secuta
466 1027 539 1070 sit.
572 1027 687 1069 Nam
707 1026 756 1068 in
771 1026 888 1070 Gen.
911 1029 980 1080 29,
1002 1030 1053 1067 27
1068 1039 1131 1080 sq.
1153 1025 1388 1068 admodum
1410 1023 1595 1066 dubium
1617 1031 1696 1078 est,

140 1114 250 1142 num
269 1095 386 1159 2ῆῖιρ
415 1100 461 1142 h.
487 1115 525 1143 e.
552 1096 748 1155 ἕβδομάς
770 1097 1119 1154 „(Taq).siebent“
1143 1097 1362 1154 significet
1380 1096 1699 1139 hebdomadem

141 1179 314 1227 statam,
348 1187 399 1215 ac
425 1172 565 1215 multo
594 1170 892 1225 verisimilius,
927 1170 1079 1213 Laban
1108 1169 1223 1212 nihil
1252 1169 1374 1211 aliud
1394 1169 1482 1212 nisi
1504 1175 1699 1225 „septem

141 1243 263 1288 dies“
294 1244 485 1288 voluisse
516 1244 673 1287 dicere.
1299 1248 1302 1252 ’

256 1318 426 1373 Itaque,
450 1323 511 1359 'ut
539 1315 695 1369 firmis,
730 1315 767 1357 si
796 1314 934 1371 possit
954 1315 1063 1370 fieri,
1101 1314 1371 1371 argumentis
1390 1314 1623 1371 probemus
1653 1312 1699 1355 id

140 1389 257 1446 quod
286 1403 368 1432 nos
399 1403 575 1432 censere
606 1387 822 1442 diximus,
867 1387 1011 1444 legem
1042 1386 1300 1430 Sinaiticam
1338 1388 1570 1429 sabbatum
1608 1399 1699 1427 non

139 1468 191 1505 ut
228 1476 321 1504 rem
361 1461 542 1505 omnino
581 1475 740 1504 novam
782 1459 1055 1514 instituisse,
1108 1460 1186 1502 sed
1227 1458 1361 1502 etiam
1401 1466 1502 1501 ante
1543 1459 1699 1500 Mosen

139 1535 366 1578 Hebraeos
406 1535 585 1578 sabbata
623 1533 851 1587 habuisse,
896 1531 1210 1588 inquirendum
1247 1531 1375 1574 nobis
1421 1538 1502 1584 est,
1545 1530 1700 1573 fuerit-

139 1621 197 1650 ne
227 1607 345 1664 apud
384 1613 548 1650 ceteras
587 1613 741 1663 gentes
779 1605 940 1660 aliquis
981 1606 1261 1647 sabbatorum
1300 1618 1405 1646 usus
1447 1603 1570 1659 isque
1609 1618 1700 1645 non

141 1678 340 1736 exemplo
370 1678 666 1722 Israelitarum
695 1685 794 1734 post
822 1678 980 1721 Mosen
1010 1677 1257 1720 institutus.

237 1800 268 1850 1)
295 1804 515 1841 Testimonii
538 1804 651 1852 hujus
675 1804 898 1841 narrationis
917 1803 1141 1851 ambiguitas
1163 1808 1280 1846 tanta,
1309 1807 1350 1838 ut
1374 1801 1579 1838 sententiae
1602 1801 1700 1837 viro-

141 1875 224 1900 rum
240 1863 431 1900 doctorum
445 1874 596 1910 prorsus
613 1862 818 1898 contrariae
835 1861 902 1898 illo
927 1862 1105 1906 nitantur,
1135 1861 1290 1897 duorum
1313 1859 1494 1896 librorum
1516 1858 1700 1895 narratio-

142 1922 253 1959 nibus
277 1921 317 1958 in
341 1932 457 1957 unum
481 1920 646 1957 confusis
662 1920 808 1958 videtur
832 1920 961 1956 effecta
986 1931 1075 1957 esse.
1115 1918 1200 1958 Qua
1217 1918 1262 1955 de
1278 1930 1318 1955 re
1342 1918 1462 1954 fusius
1486 1916 1700 1964 disputandi

142 1979 246 2017 locus
270 1992 344 2016 non
368 1984 436 2016 est.
