1904 3216
786 744 993 797 caput
1028 744 1107 788 ΙΙ.

287 923 508 978 Sequitur,
544 931 594 966 ut
623 924 862 978 videamus,
898 923 1266 979 quemadmodum
1296 923 1476 965 sabbata
1506 924 1563 966 ab
1585 923 1727 965 Israe-

166 994 259 1038 litis
290 994 474 1038 diversis
505 996 774 1052 temporibus
805 995 1022 1039 celebrata
1052 994 1155 1038 sint.
1210 995 1309 1037 Hoc
1340 995 1518 1050 quidem
1539 1002 1721 1048 constat,

167 1081 337 1124 semper
356 1068 411 1109 ab
431 1066 521 1109 illis
552 1067 782 1122 creditum,
815 1067 905 1110 otio
936 1081 1031 1109 esse
1061 1068 1240 1109 sabbata
1271 1066 1586 1122 distinguenda
1599 1082 1608 1108 :
1645 1067 1729 1108 du-

166 1139 292 1181 bium
321 1153 422 1182 vero
453 1146 531 1193 est,
565 1154 674 1181 num
697 1139 791 1195 jam
820 1139 925 1182 inde
956 1154 981 1182 a
1001 1139 1139 1182 Mosis
1169 1146 1311 1181 aetate
1342 1138 1560 1195 graviores
1586 1137 1727 1181 omnis

168 1210 341 1267 generis
370 1211 542 1254 labores
572 1212 751 1253 sabbato
789 1211 1078 1254 intermittere
1115 1211 1333 1254 universis
1363 1211 1572 1254 Israelitis
1602 1225 1727 1267 prae-

166 1282 377 1339 scriptum
405 1282 553 1336 fuerit,
587 1297 645 1325 an
673 1283 891 1339 prioribus
922 1283 1106 1326 saeculis
1137 1283 1328 1326 solorum
1365 1283 1654 1340 agricolarum
1685 1290 1729 1326 et

167 1353 347 1398 fortasse
383 1354 590 1410 opificum
629 1369 722 1397 mos
762 1355 896 1398 fuerit
932 1355 1125 1398 sabbatis
1166 1355 1293 1398 otiari
1308 1389 1316 1410 ‚
1363 1370 1473 1410 quae
1515 1362 1580 1398 est
1618 1356 1646 1397 J
1646 1354 1728 1397 ulii

167 1426 455 1470 Wellhaus
467 1426 558 1469 eni
589 1427 807 1469 sententia
838 1427 1050 1470 dicentis1
1084 1442 1122 1470 e.
1147 1442 1209 1470 c.:
1247 1460 1293 1480 „.
1324 1461 1334 1470 .
1364 1461 1371 1470 .
1400 1462 1409 1471 .
1445 1429 1520 1470 der
1540 1426 1729 1471 sabbath

245 1529 254 1539 .
299 1497 391 1540 eine
429 1497 715 1554 Einrichtunq
763 1498 935 1554 speciell
957 1499 1047 1556 fic‘r
1089 1500 1170 1541 den
1210 1500 1479 1554 Acherbau“,
1532 1501 1730 1555 „Herye-
1787 1519 1789 1521 ·

168 1569 316 1614 brachi
345 1569 506 1613 scheint
535 1570 623 1612 also
653 1585 736 1612 nur
765 1570 831 1612 die
852 1570 1121 1627 Enthaltzmy
1151 1587 1229 1614 von
1260 1572 1336 1614 der
1364 1571 1613 1615 Feldarbeit
1642 1572 1732 1614 und

164 1641 372 1686 vielleiokt
401 1656 480 1684 von
509 1642 585 1684 der
607 1642 959 1699 prqf'essionellen
978 1643 1231 1698 Hantirunq
1258 1658 1444 1700 yewesen
1472 1659 1526 1686 zu
1554 1643 1686 1686 sein“.

279 1713 623 1769 Antiquissimos
665 1714 843 1769 quidem
873 1716 974 1758 Vet.
1009 1716 1279 1759 Testamenti
1308 1717 1440 1770 locos,
1485 1716 1643 1771 quibus
1674 1716 1728 1758 de

164 1786 343 1828 sabbato
373 1785 533 1843 agitur,
567 1785 617 1828 in
647 1787 948 1830 Pentateucho
987 1787 1128 1831 inesse
1168 1789 1296 1831 nobis
1335 1803 1593 1844 persuasum
1634 1795 1701 1831 est
1714 1804 1721 1830 ι

165 1872 301 1913 quum
331 1872 432 1900 vero
464 1858 518 1900 de
546 1857 835 1914 plurimarum
867 1858 960 1915 ejus
989 1859 1092 1902 libri
1121 1860 1314 1916 partium
1344 1861 1514 1918 origine
1555 1868 1728 1904 contro-

164 1929 330 1972 versiae
361 1929 450 1972 sint
477 1931 679 1973 nondum
709 1930 919 1974 diremtae
933 1965 942 1986 ,
985 1947 1072 1975 non
1106 1932 1196 1975 illis
1226 1932 1444 1990 principio
1475 1949 1525 1977 ac
1566 1934 1727 1976 funda-

164 2009 314 2044 mento
336 2001 647 2059 disputationis
668 2003 883 2046 utendum
915 2011 993 2058 est,
1028 2005 1104 2047 sed
1134 2005 1276 2061 primo
1298 2020 1409 2060 quae
1438 2005 1541 2048 libri
1572 2021 1597 2048 a
1626 2020 1728 2062 pro-

163 2073 308 2130 phetis
339 2082 384 2117 et
413 2073 511 2116 aliis
539 2088 686 2117 rerum
715 2075 999 2131 scriptoribus
1030 2076 1182 2134 scripti
1205 2078 1257 2120 de
1278 2078 1469 2120 sabbatis
1490 2078 1728 2121 observatis

163 2146 352 2202 prodant
381 2153 425 2189 et
456 2147 510 2189 de
540 2146 765 2190 servandis
795 2148 1075 2203 admoneant,
1111 2151 1425 2193 consideranda
1455 2158 1574 2193 sunt.

279 2219 580 2262 Pentateucho
629 2218 765 2276 igitur
815 2220 975 2263 omisso
1020 2222 1378 2278 antiquissimum
1421 2223 1567 2266 locum
1581 2257 1590 2276 ,
1641 2237 1725 2277 quo

164 2291 394 2334 sabbatum
432 2299 713 2345 memoratur,
757 2291 806 2333 in
835 2293 875 2334 A
886 2307 930 2334 m
941 2307 966 2335 0
977 2293 1022 2335 si
1061 2294 1299 2351 prophetae
1338 2295 1450 2338 libro
1485 2295 1726 2352 reperimus

172 2363 224 2417 (8,
253 2367 294 2405 4.
322 2363 381 2418 5);
418 2363 632 2406 Audite
662 2363 787 2417 hoc,
814 2364 904 2419 qui
935 2364 1178 2410 inhiatis
1208 2382 1504 2424 pauperem
1536 2374 1588 2411 et
1608 2374 1728 2411 stu-

165 2434 316 2478 detis
344 2435 577 2491 perdere
616 2436 861 2479 humiles
902 2444 1103 2482 terrae.
1164 2440 1435 2483 Dicentes
1467 2440 1726 2493 „Quando

163 2507 538 2562 praeterierit
568 2507 687 2551 dies
718 2524 894 2553 novae
924 2510 1115 2570 lunae,
1150 2519 1211 2555 ut
1231 2512 1576 2555 frumentum
1597 2527 1727 2555 ven-

165 2578 435 2634 ditemus,
471 2587 524 2623 et
554 2582 871 2636 sabbatum,
907 2590 966 2626 ut
995 2598 1270 2627 annonam
1299 2599 1498 2627 venum
1519 2586 1721 2627 demus:

163 2651 485 2696 minuentes
517 2654 661 2710 epha
692 2661 743 2697 et
772 2663 1048 2711 augentes
1078 2656 1282 2700 siclum
1304 2665 1357 2700 et
1377 2657 1552 2700 librae
1573 2657 1728 2699 frau—

165 2723 429 2768 dulentas
467 2725 824 2770 inclinantes
862 2727 1102 2771 lances“.
1174 2730 1242 2772 Ex
1283 2743 1368 2784 quo
1405 2729 1721 2786 cognoscimus,

260 2841 287 2883 1)
322 2840 528 2877 Gesehichte
554 2842 704 2886 Israele,
732 2843 751 2878 Ι
772 2844 847 2880 117.
872 2845 947 2879 118.
