1904 3216
767 188 1082 228 -101—

146 307 263 348 sua¹
302 305 394 359 (Ex.
423 309 489 358 31,
523 309 587 346 13.
620 303 702 357 14).
768 302 853 345 His
891 300 1064 358 legibus
1104 301 1335 343 sabbatum
1374 299 1606 355 praecipue
1637 301 1706 342 id-

147 377 281 430 circo,
324 376 440 430 quod
481 390 651 417 sacrum
687 375 766 427 sit,
813 373 975 416 servari
1021 373 1275 429 imperatur.
1349 372 1477 416 Quod
1516 373 1706 416 maxime

145 446 351 491 convenit
381 448 625 490 sententiae
656 446 757 488 libri
794 445 1052 488 sanctitatis.
1106 444 1195 490 Qui
1225 445 1454 486 sabbatum
1484 444 1700 499 profanat,

145 519 338 563 Jehovae
369 519 649 562 sanctitatem
680 518 814 561 violat
844 525 889 560 et
919 518 1074 573 capitis
1103 531 1244 573 poena
1265 523 1452 558 tenetur.
1510 516 1586 559 Bis
1615 532 1706 559 uno

146 606 275 634 versu
303 592 532 634 sabbatum
564 598 608 634 et
636 605 808 634 sacrum
834 590 1013 645 (fanum)
1050 588 1273 632 Israelitae
1289 588 1504 643 jubentur
1522 588 1661 631 vereri
1670 590 1703 631 2.

147 663 272 706 Sicut
300 677 470 706 sacrum
509 663 686 718 (fanum)
722 662 842 705 locus
881 669 969 714 est,
1017 676 1146 717 quem
1185 661 1353 703 Jehova
1391 660 1478 703 sibi
1515 660 1702 717 excepit,

146 749 278 791 quare
306 735 441 791 pedes
470 735 644 790 profani
675 749 775 777 eum
812 749 904 777 non
941 734 1105 776 debent
1143 732 1359 787 attingere
1372 767 1381 784 ,
1425 733 1488 775 sic
1527 735 1708 776 sabbata

146 807 240 850 dies
267 806 461 850 Jehovae
501 807 612 849 sacri
653 813 777 861 sunt,
823 806 899 862 qui
939 805 1227 862 profanantur
1264 819 1391 860 opere
1432 805 1704 860 quotidiano.

146 881 272 922 Haec
301 879 454 921 eadem
485 885 552 920 est
583 878 816 931 sententia,
853 892 984 934 quam
1013 891 1103 919 non
1131 876 1261 918 modo
1289 877 1317 917 J
1320 876 1506 918 eremiae
1536 884 1579 919 et
1599 877 1708 919 Eze-

148 950 302 994 chielis
331 950 468 992 fuisse
499 951 578 992 sed
599 950 731 992 etiam
752 949 949 1006 decalogi
970 949 1067 1005 lege
1086 948 1309 991 sabbatica
1330 948 1476 990 doceri
1496 947 1704 990 vidimus,

263 1022 415 1065 Altera
444 1022 525 1064 otii
555 1022 766 1064 sabbatici
797 1022 924 1075 ratio,
959 1036 1044 1076 qua
1074 1023 1303 1064 sabbatum
1338 1020 1524 1075 requieti
1565 1020 1709 1062 homi-

145 1109 254 1137 num
285 1093 552 1137 destinatum
584 1102 662 1148 est,
699 1094 769 1136 his
799 1094 973 1150 legibus
1003 1093 1270 1149 neglegitur.
1344 1093 1474 1137 Quod
1514 1107 1605 1135 non
1644 1099 1708 1134 est

145 1166 412 1218 mirandum,
446 1181 584 1221 quum
613 1166 695 1209 hae
725 1166 843 1222 leges
874 1181 925 1208 ea
954 1166 1095 1208 solum
1125 1165 1392 1221 praedicent,
1429 1179 1539 1220 quae
1569 1166 1711 1207 Israe-

145 1238 238 1280 litis
269 1238 361 1281 sint
389 1237 589 1281 facienda
619 1246 698 1280 aut
727 1238 988 1291 omittenda,
1035 1246 1086 1280 ut
1123 1237 1213 1279 sint
1242 1237 1328 1279 Dei
1360 1237 1500 1280 sancti
1532 1244 1708 1280 sanctus

145 1311 350 1367 populus.
412 1310 535 1352 Huic
564 1310 628 1352 rei
659 1311 888 1363 convenit,
933 1311 1048 1365 quod
1086 1310 1198 1352 liber
1237 1309 1495 1362 sanctitatis,
1543 1317 1593 1351 ut
1624 1323 1709 1364 quo

147 1382 330 1425 consilio
367 1381 537 1424 Jehova
572 1383 823 1435 sabbatum,
868 1382 898 1424 i.
924 1397 962 1425 e.
1006 1383 1122 1424 diem
1163 1381 1400 1437 septimum
1430 1382 1519 1424 otio
1550 1381 1710 1425 distin-

147 1454 398 1514 guendum,
432 1453 697 1507 instituerit,
732 1455 950 1508 ostendat,
988 1456 1219 1496 sabbatum
1248 1454 1426 1510 signum
1457 1468 1550 1496 esse
1582 1454 1704 1507 dicit,

146 1540 233 1581 quo
253 1533 555 1581 cognoscatur,
588 1527 617 1568 J
619 1526 802 1568 ehovam
825 1540 918 1568 esse
939 1526 1159 1568 Israelitas
1188 1525 1551 1568 sanctificantem.
1606 1527 1710 1569 Non

145 1598 230 1641 hoc
259 1596 387 1652 dicit,
424 1597 504 1640 otii
533 1597 748 1640 sabbatici
779 1613 908 1640 omne
949 1605 1221 1640 momentum
1257 1597 1306 1639 in
1344 1612 1394 1640 eo
1435 1612 1547 1651 esse,
1593 1601 1709 1654 quod

147 1670 325 1726 signum
345 1670 416 1723 sit,
451 1684 536 1725 quo
556 1677 875 1726 cognoscantur
893 1671 922 1712 J
924 1670 1087 1713 ehovae
1108 1670 1311 1713 cultores.
1356 1671 1498 1712 Immo
1518 1671 1545 1713 J
1548 1671 1711 1714 ehovae

148 1742 267 1785 diem
297 1757 468 1785 sacrum
497 1743 783 1795 observando,
817 1742 943 1798 cujus
980 1743 1330 1785 observationem
1365 1743 1645 1786 sanctitas
1687 1760 1712 1786 a

146 1814 314 1857 Jehova
329 1815 508 1857 sabbato
523 1814 688 1857 tributa
709 1814 896 1870 exigit,
926 1814 1058 1856 simul
1079 1815 1382 1867 admonentur,
1411 1823 1460 1857 ut
1476 1816 1711 1859 ostendant

147 1901 194 1930 se
233 1902 329 1930 esse
367 1885 560 1930 Jehovae
600 1886 840 1942 populum⁷
884 1887 1046 1943 quippe
1085 1901 1215 1942 quem
1259 1886 1296 1929 is
1338 1887 1537 1929 docuerit
1575 1888 1710 1930 vitam

148 1965 298 2000 sancte
328 1971 471 2013 agere.
536 1960 649 2001 Item
690 1958 962 2002 circumcisio
1002 1959 1180 2015 signum
1220 1959 1406 2002 foederis
1447 1960 1708 2016 appellatur,

149 2037 194 2072 et
224 2037 372 2073 tamen
399 2029 500 2086 plus
529 2030 663 2073 habet
691 2031 905 2074 momenti
937 2046 1067 2086 quam
1096 2046 1266 2073 merum
1297 2032 1488 2088 signum.

244 2146 273 2188 l)
302 2145 410 2181 Hane
433 2144 556 2193 legem
579 2144 798 2193 principio,
798 2145 937 2189 ,libri
962 2158 1042 2182 san
1054 2146 1270 2182 etitatis
1293 2151 1434 2193 partem
1459 2146 1593 2189 fuisse,
1630 2159 1712 2194 pro-

147 2202 228 2238 bari
257 2202 350 2238 mihi
380 2201 529 2238 videtur
561 2202 753 2239 vocabulis
785 2204 948 2251 emti-xpm
984 2211 1080 2240 *mn-¹
1115 2213 1147 2232 ··
1135 2213 1177 2241 ..x
1209 2214 1250 2239 ³:
1277 2199 1394 2245 Μή,
1432 2204 1581 2246 *rnzri
1618 2200 1707 2252 Βξη,

150 2252 219 2297 ἬΞῚ
245 2267 350 2298 turm
367 2260 472 2298 &mn
499 2268 622 2304 numi,
652 2271 806 2307 quorum
824 2260 896 2298 duo
914 2262 1130 2309 posteriora,
1160 2261 1231 2298 etsi
1248 2261 1334 2298 aliis
1350 2273 1498 2308 quoque
1513 2261 1606 2298 locis
1622 2261 1713 2299 libri

147 2317 206 2355 Pe
230 2316 407 2365 leguntur
423 2314 508 2366 (²2er
533 2318 604 2361 bis,
634 2323 760 2354 contra
784 2319 824 2355 in
842 2319 886 2356 L.
906 2318 944 2355 S.
972 2319 1196 2364 duodecies),
1223 2325 1346 2355 tamen
1370 2320 1527 2356 maxime
1551 2320 1658 2356 Libri
1676 2319 1711 2356 S.

149 2375 299 2423 propria
322 2381 420 2420 sunt,
447 2375 572 2424 priora
597 2375 670 2411 duo
694 2382 814 2420 notae,
843 2388 937 2424 quae
962 2377 1026 2413 vix
1050 2377 1195 2425 possint
1218 2376 1359 2413 fallere.
1404 2377 1461 2413 Of.
1489 2377 1712 2414 Kloster-

148 2444 275 2469 mann
307 2433 347 2470 in
379 2434 577 2482 &sehr-f.
606 2434 641 2470 d.
670 2435 759 2470 luth.
792 2435 912 2470 Tkeol.
937 2448 971 2471 u.
1001 2435 1050 2470 K.
1082 2437 1169 2470 1877
1194 2446 1232 2482 p.
1251 2437 1332 2471 409.
1383 2434 1635 2472 Delitzsch
1672 2436 1711 2471 in

149 2491 288 2528 thhr.
305 2493 343 2540 s.
372 2491 500 2527 kin-hl.
539 2492 744 2528 IVissensclc.
772 2505 805 2528 u.
834 2492 963 2528 kirehl.
988 2493 1106 2534 Lelzen
1135 2495 1223 2529 1880
1248 2504 1284 2540 p.
1304 2494 1384 2528 622.

242 2550 276 2593 2)
301 2549 391 2585 Lev.
420 2550 474 2593 19,
502 2551 558 2585 30.
595 2551 651 2593 26,
681 2551 714 2584 2.
764 2549 994 2586 Vocabulum
1016 2550 1130 2597 'ei-¹1:⁷2
1163 2562 1259 2593 „rem
1291 2555 1469 2587 sanctam“
1502 2550 1711 2597 significare

154 2605 438 2650 (Delitzsch,
461 2607 846 2655 pentateuckkritisclae
873 2609 1021 2644 Studien
1046 2608 1085 2644 in
1111 2610 1280 2645 Zeitschr.
1291 2611 1332 2655 f.
1348 2608 1475 2644 kirchl.
1503 2608 1709 2644 IVissensch.

150 2677 187 2699 u.
212 2665 248 2700 k.
275 2665 321 2701 L.
351 2665 439 2701 1880
463 2676 499 2712 p.
521 2666 598 2708 622)
630 2677 704 2700 non
729 2665 850 2701 credo.
900 2665 1172 2713 Targumim.
1190 2671 1349 2712 utroque
1373 2665 1455 2701 loco
1488 2666 1612 2702 verbis
1637 2674 1712 2703 m:

151 2721 283 2769 ''ti-:pn
304 2721 475 2769 (ῆύ-ιρπῃ)
506 2727 673 2758 utuntur.
718 2721 776 2759 cf.
802 2723 914 2770 Jesaj.
936 2725 968 2767 8,
990 2725 1032 2758 14
1058 2729 1095 2760 et
1126 2735 1218 2771 quae
1243 2723 1435 2760 Delitzsch
1466 2723 1505 2759 in
1529 2734 1712 2760 commen-

150 2779 244 2816 tario
263 2791 329 2816 suo
347 2779 548 2816 adnotavit.
585 2781 672 2816 Lev.
693 2781 749 2822 21,
772 2782 815 2815 23
843 2786 880 2817 et
895 2780 1032 2818 Ezech.
1053 2783 1109 2823 28,
1133 2783 1173 2817 18
1199 2781 1356 2828 ῦπΰπρῃ
1381 2780 1489 2827 plura
1512 2780 1594 2817 loca
1611 2793 1713 2817 sacra

152 2837 264 2874 unius
290 2836 367 2873 fani
391 2849 471 2874 esse
494 2837 679 2874 videntur.
726 2838 826 2881 (Lev.
845 2839 901 2882 21,
923 2840 964 2874 23
990 2839 1109 2886 possit
1131 2838 1208 2885 legi
1233 2839 1386 2892 ῆρἶῐῑξη.)
