1904 3216
771 173 1058 213 ..79.-

138 287 297 331 homo
327 285 527 339 faciat,
563 293 622 327 ut
652 286 806 328 vivat
843 286 931 329 iis.
994 286 1060 328 Et
1096 287 1337 329 sabbata
1374 299 1489 328 mea
1528 286 1695 328 vehe-

137 364 352 402 menter
404 358 869 414 profanaverunt.
952 359 1085 400 Tum
1135 358 1279 411 dixi,
1339 357 1478 400 iram
1526 372 1695 400 meam

137 429 439 485 effundere
470 445 549 472 me
579 429 731 473 velle
762 430 819 472 in
850 431 1092 483 deserto,
1130 437 1188 472 ut
1227 444 1318 472 eos
1353 429 1690 486 perderem“.

137 502 225 546 Sed
253 516 311 544 ne
345 515 509 544 nomen
544 516 674 545 suum
709 501 958 558 profanaret
995 510 1097 544 ante
1135 501 1283 544 oculos
1321 501 1539 558 gentium,
1586 516 1695 556 quae

135 573 371 625 vidissent,
428 574 643 629 quomodo
696 588 751 616 ex
793 575 993 630 Aegypto
1039 573 1260 616 Israelitae
1307 574 1524 627 educeret,
1575 575 1696 616 Deus

135 645 368 690 clementia
398 660 503 688 usus
534 646 588 688 iis
619 645 832 702 pepercit.
885 645 988 688 Filii
1019 660 1121 688 vero
1153 660 1303 688 eorum
1322 645 1436 688 male
1457 652 1697 702 paruerunt

133 718 252 761 sicut
270 724 429 774 patres,
457 718 798 770 „secundum
817 725 1118 774 praecepta
1139 732 1255 759 mea
1284 732 1396 760 non
1426 718 1695 760 vixerunt

136 790 342 847 etjura
378 804 495 832 mea
531 805 640 833 non
677 796 1127 832 servaverunt..
1157 823 1166 831 .
1209 797 1261 832 et
1300 791 1536 833 sabbata
1578 805 1694 832 mea

133 861 539 919 profanarunt“.
603 862 771 905 Tamen
802 876 874 905 eos
905 876 1077 917 quoque
1108 862 1262 904 eadem
1292 862 1346 904 de
1383 876 1513 904 causa
1549 862 1695 905 noluit

131 935 328 992 perdere.
382 934 550 976 Verum
564 933 658 990 jam
687 942 783 977 tum
811 948 992 976 manum
1022 948 1153 989 super
1173 948 1245 976 eos
1277 934 1435 977 tollens
1466 933 1695 977 constituit

131 1006 345 1064 populum
365 1005 600 1062 aliquando
621 1005 863 1062 dispellere,
902 1006 1072 1061 „quod
1097 1005 1227 1062 jura
1257 1021 1371 1049 mea
1400 1021 1509 1049 non
1539 1006 1694 1048 fece-

132 1086 264 1122 runt
294 1086 348 1122 et
377 1086 682 1135 praecepta
710 1093 827 1120 mea
867 1077 1324 1134 repudiaverunt
1365 1085 1417 1122 et
1456 1079 1695 1121 sabbata

131 1165 249 1194 mea
285 1150 414 1207 prof
419 1165 632 1192 anarun
645 1157 678 1192 t.
732 1152 855 1196 Quae
886 1165 955 1193 res
985 1150 1033 1192 in
1063 1151 1363 1194 Pentateucho
1394 1150 1573 1206 quidem
1603 1164 1693 1192 non

130 1231 319 1277 narrata,
355 1229 522 1278 septem
560 1229 604 1264 et
633 1222 816 1279 triginta
850 1223 979 1265 annis
1020 1238 1045 1265 a
1080 1223 1371 1266 Pentateuchi
1409 1222 1694 1279 scriptoribus

132 1294 304 1339 omissis
335 1294 510 1337 videtur
538 1294 652 1337 facta
683 1309 792 1338 esse.
847 1295 1054 1338 Ceterum
1076 1295 1282 1338 Ezechiel
1311 1295 1399 1338 illis
1428 1295 1572 1338 verbis
1602 1309 1694 1337 non

131 1367 180 1409 in
209 1366 376 1410 incerto
406 1366 640 1422 relinquit,
676 1366 792 1408 sicut
821 1368 849 1409 J
851 1367 1026 1420 cremia,
1062 1383 1193 1423 quam
1222 1367 1515 1411 Pentateuchi
1551 1367 1696 1423 legem

130 1439 187 1481 ad
215 1439 396 1481 sabbata
424 1438 719 1494 pertinentem
749 1445 928 1494 spectet,
964 1440 1040 1482 sed
1071 1447 1214 1482 certae
1245 1439 1356 1496 legis
1387 1441 1518 1482 verba
1551 1439 1690 1492 affert,

128 1509 240 1566 legis
261 1509 359 1552 dico
374 1510 514 1552 Exod.
531 1513 599 1563 31,
620 1514 750 1551 12—1
764 1516 783 1550 7
809 1510 1016 1567 scriptam
1039 1513 1093 1567 (v,
1114 1511 1229 1554 infra
1249 1520 1350 1567 pag.
1375 1516 1454 1552 100
1470 1513 1574 1566 sq.).
1614 1512 1694 1553 Est

129 1580 307 1637 quidem
327 1581 633 1633 controversia,
667 1589 818 1625 utrum
838 1583 1043 1626 Ezechiel
1063 1583 1178 1626 hanc
1197 1583 1341 1626 Exodi
1360 1583 1505 1639 legem
1525 1583 1690 1636 laudet,

129 1667 188 1696 an
216 1652 460 1696 Ezechielis
489 1655 622 1696 verba
652 1654 700 1696 in
730 1655 841 1711 legis
872 1655 1055 1698 formam
1085 1657 1262 1699 redacta
1301 1662 1400 1712 post
1438 1656 1533 1711 ejus
1574 1663 1694 1698 aeta-

128 1731 219 1768 tem
247 1724 298 1767 in
325 1725 677 1769 Pentateuchum
708 1726 873 1769 inserta
902 1727 1011 1781 sint,
1056 1729 1109 1770 de
1150 1743 1236 1784 qua
1265 1743 1311 1771 re
1351 1728 1466 1770 infra
1503 1728 1694 1771 breviter

130 1796 466 1853 disputabimus.
535 1799 627 1841 Hic
667 1798 772 1841 satis
813 1806 879 1842 est
918 1799 1257 1842 controversiam
1295 1800 1584 1857 significasse,
1637 1814 1693 1842 ne

129 1883 227 1912 eam
246 1868 449 1925 ignorare
469 1869 696 1913 videamur
727 1870 938 1925 dicentes,
972 1871 1247 1914 Ezechielem
1277 1872 1421 1928 legem
1451 1872 1546 1928 ipso
1577 1872 1694 1915 anti-

130 1940 327 1996 quiorem
357 1940 550 1995 laudare,
585 1957 695 1998 quae
727 1943 905 1998 quidem
934 1950 1084 1986 nostra
1114 1950 1181 1986 est
1211 1944 1445 1987 sententia.

243 2013 390 2056 Etiam
421 2013 470 2056 in
500 2013 653 2057 exsilio
675 2015 899 2058 Israelitae
931 2015 1126 2058 oratione
1156 2016 1412 2073 prophetica
1443 2031 1693 2060 commone-

127 2084 233 2128 facti
270 2092 400 2139 sunt,
443 2093 495 2128 ut
532 2087 714 2130 sabbata
750 2094 899 2130 sancte
935 2095 1140 2145 agerent,
1193 2103 1305 2144 quae
1345 2096 1459 2132 esset
1497 2088 1692 2132 conditio

123 2156 304 2200 salutis:
362 2157 454 2200 Sic
499 2158 646 2201 dicit
689 2159 925 2202 Jehova:
982 2160 1216 2203 Servate
1263 2161 1356 2216 jus
1410 2168 1463 2204 et
1513 2161 1691 2204 facite

119 2228 443 2286 justitiam,
492 2244 615 2272 nam
659 2231 1036 2288 propinquum
1073 2240 1157 2276 est
1197 2233 1477 2276 auxilium
1517 2249 1692 2276 meum

128 2314 252 2344 mox
310 2301 707 2357 adventurum,
772 2311 825 2347 et
883 2304 1035 2347 salus
1095 2320 1210 2348 mea
1268 2305 1687 2361 patefacienda.

128 2373 291 2416 Felix
321 2373 433 2417 erit
461 2374 643 2429 homo,
680 2375 771 2431 qui
801 2376 901 2419 hoc
930 2377 1158 2428 fecerit,
1195 2384 1249 2420 et
1278 2377 1446 2421 filius
1468 2378 1687 2430 Adami,

128 2444 223 2501 qui
260 2445 363 2489 hoc
402 2447 679 2490 tenuerit:
732 2449 827 2503 qui
873 2451 1168 2492 sabbatum
1213 2457 1429 2504 servat,
1478 2457 1538 2492 ut
1582 2466 1691 2493 non

128 2517 418 2573 profanet,
454 2526 507 2562 et
535 2535 755 2563 manum
787 2535 939 2564 suam
969 2528 1213 2575 coercet,
1240 2537 1306 2564 ne
1337 2522 1687 2565 malefaciat.

129 2589 277 2632 Neve
308 2589 465 2633 dicat
493 2592 859 2648 peregrinus,
897 2593 991 2649 qui
1020 2594 1084 2637 ad
1114 2594 1386 2637 Jehovam
1416 2610 1471 2637 se
1502 2595 1691 2651 appli-

129 2661 302 2705 cavit:
345 2663 592 2715 „Jehova
633 2679 711 2707 me
750 2665 1015 2709 secludet
1045 2681 1070 2709 a
1109 2666 1317 2722 populo
1357 2671 1505 2720 su0“,
1551 2682 1690 2710 neve

123 2733 284 2777 dicat
322 2735 638 2779 eunuchus:
691 2752 869 2791 „ecce,
916 2753 1031 2781 sum
1070 2729 1234 2781 arbcr
1271 2738 1480 2782 arida“.
1558 2740 1691 2782 Nam

121 2805 206 2849 sic
235 2806 378 2850 dicit
406 2808 622 2851 Jehova
644 2810 938 2864 eunuchis,
977 2811 1069 2866 qui
1091 2812 1324 2854 sabbata
1344 2826 1454 2854 mea
1476 2819 1689 2855 servant
