1904 3216
756 215 1073 255 -105—

138 328 291 385 igitur,
324 334 376 369 ut
404 327 516 369 mihi
547 328 734 381 videtur,
768 342 838 371 res
857 330 1036 385 probat,
1063 327 1277 370 rationem
1297 327 1419 369 illam
1440 326 1519 369 otii
1540 328 1698 369 sabba-

140 399 218 443 tici
257 415 282 442 a
319 399 531 455 scriptore
571 400 674 442 libri
715 399 934 443 elohistici
971 402 1044 455 (A,
1080 401 1166 455 PC)
1206 399 1432 442 inventam
1467 399 1522 441 ab
1560 413 1698 454 eoque

138 479 216 514 aut
245 473 300 514 ab
330 471 529 525 homine,
572 472 649 527 qui
677 479 774 528 post
805 487 906 514 eum
935 471 1083 525 fuerit,
1119 471 1165 513 in
1197 471 1454 528 decalogum
1484 470 1699 513 intextam

140 557 257 586 esse:
292 542 427 586 immo
458 558 559 586 vero
590 551 692 587 ante
723 559 824 587 eum
853 544 994 600 primo
1027 544 1074 585 in
1105 543 1301 599 decalogi
1331 542 1492 587 deinde
1522 542 1570 584 in
1595 542 1699 584 libri

139 614 386 658 sanctitatis
438 615 536 671 lege
588 616 809 659 sabbatica
853 615 928 658 illa
972 615 1083 658 ratio
1128 615 1300 658 videtur
1351 614 1568 658 exstitisse
1581 648 1590 666 ,
1651 614 1699 656 in

138 687 302 730 librum
321 693 470 729 autem
498 687 775 730 elohisticum
805 703 906 731 cum
937 688 1042 744 ipsis
1072 687 1163 730 illis
1193 687 1366 744 legibus
1386 687 1567 730 inducta
1588 701 1696 729 esse.

255 758 440 802 Etiamsi
471 773 573 802 vero
605 759 707 802 libri
738 758 954 802 elohistici
985 759 1169 815 scriptor
1198 759 1366 815 primus
1406 773 1502 801 eam
1541 773 1700 815 propo-

138 831 319 884 suisset,
364 838 513 873 tamen
543 846 633 874 11011
663 831 885 874 videretur
924 831 1007 874 hac
1043 845 1089 873 re
1128 830 1397 887 significare,
1442 846 1489 874 se
1523 831 1579 873 de
1621 830 1701 873 otii

138 902 351 947 sabbatici
380 911 536 946 natura
567 919 617 946 ac
645 910 859 960 potestate
880 903 1006 946 aliter
1027 903 1228 959 cogitare,
1266 919 1398 959 quam
1423 903 1566 959 priore
1589 910 1702 945 tem-

138 990 242 1032 pore
273 974 510 1031 prophetae
541 983 585 1019 et
613 976 762 1032 legum
792 975 987 1032 priorum
1017 975 1245 1032 scriptores
1267 975 1518 1032 cogitarint.
1571 976 1702 1021 Quod

141 1062 197 1090 ex
227 1047 296 1101 iis,
332 1063 443 1103 quae
473 1063 603 1105 supra
633 1064 658 1091 a
687 1048 814 1091 nobis
846 1047 1041 1104 exposita
1073 1055 1190 1099 sunt,
1225 1049 1329 1091 satis
1361 1054 1554 1104 apparet.
1608 1048 1703 1090 Nec

140 1134 406 1175 quemquam
425 1121 554 1163 credo
575 1135 851 1164 assensurum
873 1135 966 1163 esse
988 1120 1132 1163 verbis
1144 1120 1510 1163 Wellhauseni
1533 1152 1554 1171 „
1570 1152 1579 1160 .
1598 1153 1607 1162 .
1625 1153 1634 1162 .
1650 1123 1702 1160 In

139 1193 216 1235 der
261 1193 343 1234 Tat
379 1192 535 1235 konnte
573 1208 665 1236 vom
701 1192 890 1236 Sabbath
931 1193 1004 1235 des
1040 1192 1363 1235 Priestercodex
1401 1191 1518 1235 nicht
1554 1197 1702 1248 qesayt

140 1264 318 1318 werden,
353 1278 400 1306 er
429 1264 492 1306 sei
518 1280 588 1308 um
618 1265 691 1307 des
720 1265 949 1307 Mensehen
978 1265 1118 1307 willen
1148 1265 1204 1306 da
1231 1266 1372 1307 Mare.
1397 1267 1438 1318 2,
1465 1267 1534 1318 27,
1571 1280 1617 1307 er
1647 1265 1704 1307 ist

139 1335 339 1379 vielmekr
367 1336 434 1379 ein
463 1337 541 1380 mit
570 1338 646 1379 der
675 1336 891 1380 Starrheit
919 1336 1030 1379 eines
1060 1338 1386 1392 Naturyesetzes
1415 1337 1704 1394 afftretendes

139 1411 308 1461 Statut,
344 1408 420 1451 das
449 1409 537 1451 sich
567 1408 695 1451 selbst
724 1424 818 1451 zum
854 1409 1029 1451 Grande
1069 1409 1143 1451 hat
1180 1409 1270 1450 und
1305 1407 1415 1452 auch
1430 1410 1521 1466 fiir
1556 1411 1704 1452 Gottes

138 1479 343 1538 Schaffen
370 1479 494 1536 qim.
557 1480 661 1523 Non
691 1481 807 1536 quod
838 1489 1013 1523 sanctus
1039 1480 1132 1536 jam
1161 1480 1316 1524 fuisset
1347 1481 1440 1523 dies
1470 1481 1700 1537 septimus,

140 1566 190 1594 eo
211 1552 333 1595 Deus
363 1551 582 1607 quievisse
605 1551 779 1605 dicitur,
813 1553 889 1595 sed
912 1552 1029 1594 diem
1051 1551 1286 1608 septimum
1307 1560 1509 1596 sanctum
1529 1552 1701 1606 fecisse,

138 1623 254 1679 quod
283 1623 512 1680 quieverit.

254 1695 414 1739 Verbis
458 1695 643 1752 propriis
688 1695 800 1739 liber
846 1696 1098 1740 elohisticus
1152 1697 1205 1739 de
1258 1697 1441 1740 sabbati.
1481 1711 1610 1739 causa
1654 1712 1704 1740 ac

140 1767 309 1810 ratione
338 1767 454 1810 nihil
484 1769 624 1811 docet.
696 1768 1012 1814 Quaestionem
1049 1768 1186 1825 igitur
1215 1769 1483 1825 propositam
1517 1769 1610 1825 jam
1649 1770 1705 1812 ad

141 1839 277 1882 finem
307 1839 611 1895 perduximus.

256 1913 402 1967 Atque
434 1927 545 1967 quae
576 1912 861 1970 cognovimus
891 1913 999 1956 haec
1031 1920 1152 1955 sunt:

262 1984 297 2039 1)
334 1984 553 2027 Vocabuli
583 1980 702 2044 τιξὶῤ,
746 2000 771 2026 a
805 1985 950 2027 radice
982 1991 1096 2038 nam
1130 1984 1276 2038 ducti,
1321 1985 1620 2028 contractione
1651 2000 1706 2028 ex

145 2051 276 2118 {gepa-25
304 2055 425 2109 facti,
459 2056 715 2113 principalis
742 2056 1007 2113 significatio
1029 2064 1093 2099 est
1114 2056 1346 2112 „quietis⁴‘.
1370 2082 1428 2088 —
1446 2071 1548 2113 pag.
1575 2063 1702 2100 5—8.

259 2129 297 2184 2)
334 2128 472 2171 Vetus
492 2129 822 2171 Testamentum
852 2144 943 2172 non
964 2129 1084 2171 'dicit
1109 2136 1272 2185 aperte,
1307 2137 1409 2172 ante
1438 2130 1596 2172 Mosen
1624 2130 1706 2173 ho-

142 2199 285 2243 mines
315 2199 589 2244 hebdomade
618 2215 720 2243 usos
752 2216 845 2244 esse
876 2210 919 2244 et
949 2202 1130 2245 sabbata
1160 2201 1311 2258 egisse.
1344 2227 1402 2233 —
1433 2207 1588 2244 9—11.

259 2272 298 2327 3)
337 2272 484 2316 Ceteri
514 2273 668 2330 populi
697 2273 869 2329 antiqui
900 2281 1071 2329 praeter
1101 2274 1321 2317 Israelitas
1362 2282 1406 2316 et
1435 2273 1707 2330 Babylonios

142 2359 286 2400 neque
314 2343 605 2398 hebdomade,
638 2345 726 2388 nisi
757 2345 805 2387 in
835 2345 1084 2402 astrologia,
1118 2345 1187 2388 usi
1218 2353 1321 2388 sunt
1350 2361 1497 2401 neque
1529 2347 1707 2389 sabbata

143 2423 343 2473 egerunt.
374 2441 433 2447 ——
467 2422 650 2460 12—24.

260 2490 299 2545 4)
334 2488 494 2532 Nostra
524 2490 763 2533 hebdomas
794 2498 887 2533 orta
918 2498 984 2533 est
1013 2490 1259 2546 conjunctis
1295 2490 1499 2534 hebraica
1535 2491 1709 2547 (sabba-

142 2560 244 2616 tica)
279 2569 324 2604 et
352 2561 626 2618 astrologica.
661 2588 718 2593 —
754 2567 819 2604 18.
852 2567 915 2604 19.

263 2635 300 2688 5)
337 2633 538 2676 Fortuito
569 2634 733 2676 factum
766 2642 845 2688 est,
880 2642 931 2677 ut
961 2635 1079 2677 idem
1110 2635 1204 2678 dies
1234 2636 1417 2677 Judaeis
1457 2636 1701 2689 sabbatum,

143 2704 372 2762 astrologis
402 2706 582 2749 Saturni
613 2707 707 2749 dies
739 2714 866 2749 esset.
900 2731 955 2738 -
994 2713 1058 2749 19.

263 2778 300 2833 6)
337 2778 641 2821 Hebraeorum
672 2780 850 2822 sabbata
886 2794 976 2822 non
1015 2779 1194 2822 fuerunt
1234 2779 1452 2836 principio
1494 2779 1586 2821 dies
1628 2779 1708 2822 Sa-

144 2850 281 2892 turni.
315 2875 372 2881 --
407 2855 588 2893 19-23.
