1904 3216
849 223 904 228 —
966 201 1045 242 110
1104 225 1160 230 —

236 309 450 364 .ζιἰιῖ..9ᾶί.
492 312 673 353 fortasse
723 319 786 353 est
826 312 946 364 „dies
987 313 1263 368 designatuS,
1305 321 1464 368 status,
1508 316 1600 358 dies
1641 316 1776 370 quieti

233 369 474 423 destinatus
481 386 501 405 ‘⁶
511 415 519 422 .
1320 382 1322 385 ’

347 465 416 505 Ad
445 479 543 519 pag.
572 468 760 506 62—65:
816 465 1013 507 Forsitan
1045 466 1202 509 dixerit
1242 468 1476 524 quispiam,
1513 471 1776 525 Babylonios

230 549 319 575 non
362 550 433 586 eo,
480 537 594 590 quod
633 551 842 578 numerus
890 537 1083 579 senarius
1127 538 1179 580 iis
1223 554 1525 582 mensurarum
1568 555 1805 584 numerus·

230 605 482 660 principalis
514 615 641 657 esset,
668 608 876 649 adductos
907 623 1012 662 esse,
1038 617 1087 650 ut
1116 624 1242 652 senos
1265 611 1357 653 dies
1387 612 1635 667 negotiosos
1665 619 1777 655 tam-

232 691 360 729 quam
390 677 570 732 plenum
607 679 765 721 laboris
803 680 981 721 modum
1012 681 1171 734 quietis
1203 682 1318 724 diem
1359 683 1564 737 subsequi
1591 671 1770 738 'venena

230 747 362 789 immo
393 763 493 791 vero
523 765 756 792 numerum
795 751 1011 793 senarium
1042 752 1207 811 factum
1237 768 1330 810 esse
1361 769 1662 796 mensurarum
1690 770 1776 796 nu-
1821 760 1832 767 ”

230 833 397 860 merum
427 821 713 878 principalem
741 836 805 874 ec,
832 823 948 876 quod
979 811 1258 878 singularum
1279 826 1601 868 hebdomadum
1632 834 1777 869 essent

230 891 323 932 seni
355 891 446 934 dies
478 907 720 948 operarum.
775 894 904 938 Quod
933 895 1079 937 minus
1109 897 1334 951 probabile
1365 906 1442 939 est.
1496 898 1609 939 Nam
1640 912 1775 952 quum

228 978 318 1005 non
349 963 405 1005 sit
435 952 662 1017 credibile,
699 966 1015 1007 hebdomadem
1051 969 1366 1022 sabbatumque
1396 968 1596 1010 instituta
1627 978 1720 1012 esse
1749 984 1775 1012 a

228 1035 379 1090 primis
418 1027 646 1078 hominum
685 1033 940 1091 parentibus
982 1045 1157 1094 accepta
1200 1039 1268 1092 (cf.
1302 1054 1401 1095 pag.
1433 1042 1514 1095 12),
1561 1040 1775 1095 originem
1823 1087 1825 1089 ,

229 1121 377 1149 eorum
407 1123 497 1149 non
527 1098 756 1163 possumus
786 1107 873 1150 nisi
905 1123 958 1150 ex
986 1109 1229 1163 rationibus
1260 1111 1532 1153 naturalibus
1561 1118 1769 1167 repetere.

229 1178 640 1234 Circumspicientes
680 1188 825 1222 autem
856 1194 922 1222 res
953 1182 1172 1223 naturales
1211 1189 1325 1224 certe
1364 1182 1603 1238 reperimus
1641 1183 1774 1226 ratio-

225 1264 327 1291 nem
358 1250 579 1304 idoneam,
618 1267 726 1306 quae
756 1252 956 1294 homines
987 1253 1042 1294 ad
1071 1267 1241 1296 menses
1273 1253 1320 1294 in
1351 1261 1579 1308 quaternas
1607 1254 1775 1297 hebdo-

224 1322 372 1363 mades
411 1322 666 1365 dividendos
713 1323 944 1365 adduxerit
990 1324 1057 1378 (cf.
1089 1339 1189 1380 pag.
1222 1327 1315 1380 37),
1355 1327 1433 1367 sed
1471 1325 1639 1367 nullam
1677 1314 1773 1370 meo

219 1392 388 1447 judicio
421 1408 505 1448 qua
536 1395 740 1436 commoti
773 1397 952 1437 sabbata
991 1395 1173 1451 septimo
1205 1411 1374 1451 quoque
1406 1397 1476 1439 die
1514 1397 1774 1441 revertentia

224 1464 546 1507 constituerint.
624 1467 685 1508 Ut
723 1467 887 1521 singuli
925 1481 979 1508 ex
1018 1467 1208 1522 septenis
1246 1468 1398 1510 diebus
1435 1469 1522 1510 otio
1553 1468 1774 1524 relinque-

223 1544 386 1588 rentur,
420 1537 633 1579 fierinon
662 1538 856 1593 potuisse
887 1538 997 1579 mihi
1035 1539 1228 1592 videtur,
1259 1539 1359 1581 'nisi
1399 1547 1527 1582 antea
1564 1533 1771 1582 numerus

224 1607 417 1649 senarius
453 1610 508 1650 ad
541 1624 764 1651 mensuras
796 1609 1066 1651 definiendas
1098 1610 1294 1652 adhiberi
1324 1611 1477 1653 solitus
1508 1611 1580 1653 sit.
1644 1612 1771 1654 Certe

223 1679 360 1721 multo
392 1679 564 1723 facilius
594 1689 735 1735 potest
766 1680 968 1735 cogitari,
1004 1682 1078 1735 qui
1109 1682 1273 1723 factum
1302 1682 1379 1733 sit,
1414 1690 1463 1723 ut
1492 1697 1674 1726 numero
1703 1698 1772 1726 se·-

222 1751 346 1792 nario
376 1758 597 1806 tamquam
627 1753 778 1808 regula
807 1767 1086 1794 numerorum
1118 1753 1518 1795 distribuendorum
1547 1768 1772 1797 mensura-

220 1836 404 1876 rumque
435 1823 784 1865 definiendarum
815 1823 1011 1866 adhibito
1051 1824 1225 1880 septimi
1261 1825 1470 1880 cujusque
1509 1825 1596 1867 diei
1632 1826 1770 1868 otium

221 1893 515 1948 instituerent,
543 1910 671 1949 quam
702 1902 752 1937 ut
783 1896 1060 1937 sabbatorum
1087 1897 1354 1952 agendorum
1383 1911 1549 1939 morem
1578 1897 1625 1938 in
1656 1898 1772 1940 ordi-

222 1965 382 2007 nandis
421 1966 614 2007 numeris
647 1974 690 2008 et
720 1966 936 2008 mensuris
975 1967 1256 2022 respicerent.
1317 1969 1375 2009 Et
1405 1982 1538 2022 quum
1567 1967 1614 2009 in
1642 1970 1771 2011 rebus

221 2037 494 2079 naturalibus
533 2039 811 2079 sabbatorum
842 2037 1143 2080 institutorum
1174 2054 1302 2081 causa
1332 2039 1491 2081 frustra
1522 2047 1764 2094 quaeratur,

221 2109 341 2150 haud
372 2107 553 2151 difficile
592 2117 657 2152 est
696 2109 893 2151 invenire
934 2110 1124 2152 rationes
1161 2111 1414 2163 nonnullas,
1450 2125 1559 2165 quae
1599 2111 1769 2166 possint

222 2180 462 2222 existimari
493 2196 666 2234 causae,
703 2197 780 2223 cur
808 2195 1015 2222 numerus
1047 2182 1240 2223 senarius
1277 2196 1577 2224 mensurarum
1613 2197 1769 2224 nume-

220 2266 292 2293 rus
323 2251 576 2307 principalis
606 2252 745 2294 factus
776 2253 847 2294 sit.

336 2338 492 2379 Annus
519 2352 556 2379 e.
583 2352 620 2379 c.
647 2338 816 2380 circiter
837 2343 859 2379 6
883 2346 937 2384 ><
961 2343 983 2379 6
1006 2347 1060 2385 ><
1088 2345 1134 2380 10
1160 2339 1266 2392 dies,
1304 2345 1326 2381 6
1350 2347 1404 2386 ><
1427 2344 1449 2380 2
1472 2354 1643 2381 menses
1663 2348 1791 2382 con-'

220 2409 344 2460 tinet,
381 2410 544 2451 mensis
578 2415 599 2451 6
624 2418 678 2456 ><
704 2415 724 2449 5
758 2409 864 2451 dies.
923 2410 1031 2452 Orbi
1061 2411 1163 2453 solis
1195 2426 1243 2453 ea
1273 2411 1445 2452 videtur
1475 2424 1567 2452 esse
1597 2411 1769 2466 magni-

220 2482 350 2534 tudo,
386 2488 435 2522 ut
475 2481 806 2523 trecentesimae
848 2481 1139 2536 sexagesimae
1179 2483 1290 2537 parti
1328 2481 1558 2537 hemicycli
1596 2496 1673 2537 par
1710 2481 1767 2524 sit

254 2552 334 2586 180Ο

226 2555 320 2653 (360

219 2671 347 2712 modo
393 2669 649 2713 dimetiendi
695 2669 810 2712 orbis
856 2669 1051 2712 coelestis
1098 2671 1185 2726 (qui
1225 2670 1566 2726 Babyloniorum
1609 2684 1702 2712 mos
1741 2685 1767 2712 a

218 2741 535 2784 mathematicis
566 2742 622 2783 ad
651 2749 849 2783 nostrum
879 2736 1018 2795 usque
1048 2749 1221 2797 tempus
1248 2742 1433 2796 tenetur)
1461 2755 1647 2796 eumque
1669 2756 1766 2797 gra-

218 2813 323 2854 dum
354 2827 478 2855 vocas
518 2813 591 2868 (ita
630 2823 680 2855 ut
710 2812 940 2869 cyclisint
973 2817 1053 2854 360
1075 2813 1234 2868 gradus
1263 2838 1320 2843 —
1342 2813 1445 2854 360⁰
1462 2837 1531 2865 —,
1568 2819 1633 2854 tot
1661 2819 1766 2867 quot

354 2595 407 2612 =
431 2552 540 2653 30¹),
592 2582 634 2617 et
676 2574 713 2616 si
755 2574 929 2630 duplice
974 2576 1088 2618 orbis
1135 2576 1237 2618 solis
1283 2575 1586 2632 magnitudine
1624 2561 1765 2619 ‘uteris
