1904 3216
821 171 1074 213 -8-

178 292 379 340 utuntur,
413 284 528 327 nihil
557 283 679 326 aliud
707 298 820 338 esse,
867 298 996 339 quam
1027 284 1170 337 „diem
1201 284 1358 340 quietis
1388 299 1423 328 s.
1459 285 1594 339 diem,
1630 299 1716 340 quo

177 356 377 399 homines
416 356 688 411 quiescunt“.
758 356 826 398 Ex
865 370 948 410 quo
988 356 1191 410 efficitur,
1230 355 1322 411 jam
1358 356 1619 412 antiquitus,
1665 371 1716 399 eo

177 435 381 484 tempore,
417 442 551 483 quum
580 427 663 470 hoe
690 426 864 484 septimi
895 427 981 470 diei
1001 443 1160 471 nomen
1183 434 1373 470 creatum
1394 435 1470 482 est,
1507 423 1711 484 quietem,

176 500 336 542 laboris
365 499 744 554 intermissionem,
779 498 871 555 ejus
902 499 989 542 diei
1017 499 1324 555 proprietatem
1353 501 1540 542 maxime
1577 499 1716 556 insig-

177 586 279 614 nem
308 570 456 613 fuisse.
510 572 685 627 Itaque,
730 571 768 614 si
798 571 895 627 quis
924 570 1156 613 arbitratur
1185 571 1418 626 septimum
1448 571 1565 614 diem
1593 570 1717 627 prin-

179 643 291 699 cipio
321 642 453 685 fuisse
484 641 601 684 diem
641 642 950 686 sacrificiorum
967 645 996 696 ¹,
1029 642 1112 685 hoc
1142 642 1317 697 quidem
1352 657 1443 686 non
1480 643 1609 685 debet
1636 656 1717 684 ne-

179 729 300 770 gare,
335 721 436 756 ante
466 728 517 756 ea
546 711 772 770 tempora,'
801 715 958 770 quibus
994 714 1289 757 Israelitarum
1326 729 1392 757 res
1427 713 1553 757 nobis
1586 720 1715 757 notae

179 793 323 842 gestae
355 792 478 839 sunt,
516 785 731 841 quietem,
770 801 855 842 qua
884 785 1065 842 septimo
1104 801 1272 842 quoque
1308 786 1378 828 die
1413 785 1480 828 uti
1517 785 1716 828 homines

177 857 268 900 sive
292 857 364 899 lex
392 856 482 899 sive
511 872 603 900 mos
633 859 827 913 cogebat,
861 857 973 900 tanti
1002 857 1196 900 habitam
1225 872 1332 911 esse,
1365 864 1415 899 ut
1443 859 1498 900 ab
1528 872 1591 909 ea,
1624 871 1716 900 non

177 945 202 972 a
233 929 454 972 sacrificiis
485 929 576 971 dies
606 944 766 972 nomen
796 929 1024 985 acceperit.

291 1003 415 1043 Haec
444 1000 620 1056 quidem
659 1002 712 1042 de
742 1001 949 1043 vocabulo
980 995 1077 1059 Πζιτρ
1106 1001 1426 1056 praemonenda
1465 1000 1558 1042 visa
1593 1006 1711 1042 sunt.

177 1074 275 1115 Jam
295 1073 350 1114 ad
370 1087 461 1114 rem
481 1072 620 1127 ipsam
641 1072 956 1128 aggrediamur,
990 1087 1041 1114 ae
1058 1072 1248 1128 primum
1269 1086 1538 1126 quaeramus,
1562 1070 1716 1114 fuerit-

177 1159 233 1186 ne
263 1151 365 1187 ante
393 1145 549 1186 Mosen
578 1143 722 1199 aliqua
752 1144 926 1200 septimi
956 1143 1165 1199 cujusque
1196 1143 1284 1185 diei
1313 1143 1559 1187 celebratio..

273 1271 303 1312 1)
332 1267 658 1312 Wellhausem,
692 1270 893 1305 Geschichte
917 1270 1060 1312 Israels,
1088 1269 1107 1304 I
1135 1270 1211 1304 117.
