1904 3216
759 214 1079 253 -111—

137 327 394 384 annidies),
418 328 547 371 facile
579 335 644 371 est
673 327 913 380 intellectu,
950 327 1187 382 astrologos
1209 325 1475 382 Babylonios
1506 326 1623 368 diem
1654 327 1702 368 in

137 415 234 444 sex
261 401 402 453 horas,
439 401 592 443 horam
622 400 670 442 in
700 398 926 455 sexaginta
955 398 1245 454 sexagesimas
1278 398 1504 450 dividisse,
1535 406 1586 440 ut
1614 398 1703 440 diei

139 477 222 515 360
253 473 548 529 sexagesimae
586 460 675 515 sint
705 480 749 514 et
779 471 863 523 sol,
906 485 986 526 per
1025 471 1140 513 diem
1180 472 1330 513 orbem
1371 477 1514 512 totum
1552 471 1702 526 perlu-

138 551 303 597 strans,
338 545 525 601 singulis
557 543 839 600 sexagesimis
870 543 1067 599 singulos
1107 543 1216 585 coeli
1255 543 1415 598 gradus
1450 550 1675 598 percurrat
1689 545 1702 572 1

138 616 255 659 sicut
290 616 478 673 singulis
516 617 671 659 diebus
709 615 906 671 singulos
946 615 1106 671 gradus
1146 602 1289 657 lineae
1331 615 1581 671 eclipticas,
1617 630 1703 671 qua

78 681 88 694 “
138 687 246 730 anni
275 689 416 744 spatio
447 703 623 732 cursum
655 701 865 739 annuum,
903 686 978 742 qui
1008 694 1200 740 vocatur,
1236 687 1342 743 agit.

257 762 399 815 Atque
440 776 577 816 quum
616 760 838 803 luminum
876 759 1008 800 lunae
1049 766 1250 815 respectu
1290 759 1398 801 moti
1438 768 1606 811 essent,
1651 767 1702 802 ut

138 846 305 874 annum
335 832 384 874 in
403 834 499 876 XII
526 847 699 876 menses
731 839 775 873 et
804 845 980 873 cursum
1011 846 1208 873 annuum
1240 831 1345 874 solis
1377 832 1424 873 in
1445 833 1539 874 XII
1559 839 1702 888 partes

145 903 253 956 (XII
284 904 428 947 sidera
457 905 633 961 zodiaci)
673 904 931 956 dividerent,
967 902 1133 946 factum
1165 911 1243 956 est,
1281 911 1331 945 ut
1361 905 1493 946 etiam
1524 919 1703 946 cursum

138 975 447 1030 quotidianum
477 977 624 1033 itaque
656 976 773 1019 diem
803 975 850 1017 in
880 976 974 1018 XII
1003 983 1148 1030 partes
1175 976 1331 1030 (kasbu)
1370 975 1698 1019 distribuerent.

139 1048 226 1090 Eas
247 1056 394 1092 autem
415 1057 680 1092 vocaverunt
713 1048 902 1099 „horas
933 1047 1233 1104 duplices“,
1269 1063 1405 1103 quum
1426 1056 1594 1092 sextam
1616 1048 1703 1091 diei

136 1127 306 1176 partem
335 1121 384 1163 in
416 1130 603 1176 quatuor
631 1129 774 1177 partes
806 1119 1042 1162 dividendo
1068 1121 1229 1162 XXIV
1260 1121 1387 1162 horas
1419 1121 1508 1163 diei
1538 1120 1703 1163 eonsti-

137 1199 261 1236 tuere
285 1193 471 1248 juvaret.

254 1266 484 1308 Praeterea
512 1266 736 1323 probabile
767 1267 961 1321 videtur,
998 1266 1265 1324 Babylonios
1302 1280 1538 1307 numerum
1578 1280 1704 1308 sexa-

138 1337 368 1392 genarium
410 1346 633 1393 tamquam
676 1340 874 1395 regulam
916 1353 1199 1382 numerorum
1241 1338 1617 1394 disponendorum
1660 1346 1705 1381 et

138 1407 468 1452 scribendorum
498 1410 752 1456 adhibuisse
781 1419 957 1467 propter
987 1411 1385 1455 commodissimam
1414 1418 1618 1453 naturam
1648 1411 1704 1453 il-

136 1479 447 1535 liusnumeri,
482 1482 643 1538 quippe
674 1483 750 1538 qui
786 1484 983 1526 numeris
1013 1485 1071 1537 II,
1099 1486 1185 1535 III,
1213 1484 1292 1535 IV,
1317 1483 1372 1536 V,
1398 1484 1475 1536 VI,
1503 1485 1563 1538 X,
1589 1485 1699 1538 XII,

136 1552 242 1606 XV,
265 1553 374 1606 XX,
398 1553 539 1595 XXX
569 1554 707 1596 dividi
737 1555 876 1611 possit
910 1556 982 1611 (ef.
1007 1556 1263 1609 Brandis,
1294 1559 1463 1611 Micnz-,
1491 1557 1634 1598 Mass-
1655 1571 1697 1598 u.

142 1624 568 1681 Gewichtssystem-in
599 1627 896 1682 Vorderasien,
929 1643 1028 1685 pag.
1059 1634 1108 1670 10
1131 1630 1234 1684 sq.).

253 1697 341 1740 Eas
379 1698 572 1741 rationes
611 1698 716 1741 satis
756 1699 937 1742 idoneas
979 1700 1201 1753 existimo,
1237 1715 1347 1755 quae
1385 1701 1440 1742 ad
1475 1715 1701 1743 mensuras

137 1784 322 1812 numero
342 1770 514 1812 senario
536 1770 826 1813 dimetiendas
848 1773 1073 1827 potuerint
1101 1772 1301 1815 homines
1332 1773 1562 1815 adducere.
1612 1764 1702 1815 Re-

138 1849 239 1897 peto
269 1848 432 1895 tamen,
457 1857 527 1884 me
558 1843 824 1886 sententiam
854 1844 976 1887 illam
1006 1846 1059 1887 de
1092 1847 1371 1887 sabbatorum
1402 1845 1570 1902 origine
1600 1861 1702 1901 pro-

136 1913 326 1969 positam
355 1929 447 1957 non
476 1922 528 1956 ut
557 1917 783 1971 probatam
813 1917 890 1958 sed
921 1917 1259 1959 examinandam
1290 1919 1611 1961 commendare.

235 2053 266 2095 1)
294 2050 610 2099 Sexagesimarum
633 2053 701 2088 tali
724 2054 832 2090 modo
866 2055 1151 2091 constitutarum
1184 2067 1320 2091 senae
1353 2061 1440 2091 sunt
1472 2056 1700 2102 sexagesima

138 2108 213 2145 diei
237 2121 335 2156 pars.
384 2110 517 2158 Itaque
541 2110 739 2159 Babylonii
771 2111 810 2147 in
840 2112 1098 2149 constituendo
1129 2113 1258 2149 ordine
1292 2113 1436 2149 dierum
1458 2113 1701 2150 hebdomadis

137 2166 380 2214 astrologicae
412 2172 444 2212 (ζ
466 2170 499 2213 6
523 2173 548 2210 g}
572 2173 610 2213 9!-
628 2173 655 2209 Ω
674 2174 705 2210 1>
724 2173 762 2212 Θ
790 2169 950 2216 singulis
974 2170 1207 2217 planetarum
1240 2170 1314 2207 diis
1348 2183 1483 2207 senas
1517 2171 1701 2218 ejusmodi

138 2225 385 2272 sexagesimae
409 2226 623 2264 attribuisse
647 2227 832 2271 videntur,
862 2227 909 2264 cf.
933 2240 1015 2275 pag.
1041 2231 1082 2264 18
1106 2229 1173 2264 lin.
1196 2230 1228 2264 2.
1250 2230 1282 2264 3.
