1904 3216
736 212 1024 253 ..93—

99 325 255 370 mundi
284 327 462 369 creandi
491 326 763 369 hebdomade
794 326 1043 370 continetur
1071 340 1149 369 sex
1189 326 1358 369 dierum
1399 326 1575 368 creandi
1615 334 1658 368 et

99 399 234 442 unius
263 397 535 454 quiescendi,
569 398 631 441 ita
661 398 958 441 Israelitarum
988 399 1078 441 vita
1108 399 1156 441 in
1185 398 1480 442 hebdomades
1510 397 1658 441 distri-

96 470 273 514 buenda.
292 477 373 524 est,
397 485 582 526 quarum
601 485 889 525 unaquaeque
905 470 1075 527 effigies
1091 470 1148 514 sit
1163 470 1282 512 illius
1298 470 1474 512 divinae
1489 469 1658 512 hebdo-

95 541 253 585 madis.
286 541 432 585 Facile
448 542 752 598 intelligimus,
771 542 886 584 hanc
906 543 1121 585 rationem
1137 543 1309 585 duabus
1328 542 1418 584 illis
1435 542 1658 598 opinioni-

96 616 180 658 bus
199 614 389 657 maxime
411 621 750 657 consentaneam
771 629 878 667 esse,
912 629 1096 669 quarum
1115 615 1250 658 altera
1271 616 1451 657 sabbata
1471 614 1565 657 dies
1588 629 1657 656 sa-

99 701 195 730 cros
223 686 364 744 ponit,
398 686 559 742 quibus
588 687 616 728 J
618 687 781 729 ehovae
811 701 981 729 sacrum
1011 687 1160 729 labore
1189 687 1420 729 hominum
1448 686 1652 733 violetur,

96 758 232 802 altera
247 757 414 811 statuit,
434 759 614 801 sabbata
634 774 659 801 a
675 759 770 801 Deo
783 757 946 815 populo
963 773 1042 801 suo
1059 758 1173 810 data,
1195 766 1245 801 ut
1259 758 1468 814 requietis
1485 766 1657 815 tempus

93 833 354 888 praebeatur
382 831 586 873 omnibus
605 831 752 874 labore
773 830 990 880 exercitis,
1023 831 1213 873 maxime
1231 831 1369 873 servis
1390 838 1434 873 et
1452 830 1659 886 pauperi-

95 904 195 946 bus.
228 903 343 946 Nam
359 917 495 958 quum
516 902 702 959 septimo
723 903 796 945 die
810 903 932 945 Deus
953 902 1045 958 ipse
1069 902 1298 957 quiescens
1318 918 1420 945 eum
1441 902 1520 945 otii
1540 903 1657 944 diem

95 989 174 1018 suo
205 975 405 1032 exemplo
435 975 689 1028 instituerit,
724 975 870 1028 homo,
915 974 991 1029 qui
1021 974 1172 1017 mallet
1200 974 1407 1027 laborare,
1443 976 1471 1017 J
1473 974 1656 1017 ehovam

95 1054 396 1091 contemneret
425 1048 606 1104 ejusque
636 1047 908 1104 majestatem
946 1047 1150 1089 laederet.
1213 1048 1272 1089 Et
1299 1061 1391 1089 non
1421 1055 1472 1090 ut
1500 1046 1657 1089 ludum

93 1119 273 1162 inanem
301 1119 393 1163 sive
423 1134 479 1162 ex
506 1135 625 1163 mera
654 1119 840 1162 libidine
860 1120 1007 1161 Deum
1026 1121 1206 1162 sabbata
1235 1119 1470 1175 imperasse
1500 1119 1658 1181 melius

93 1191 168 1234 vix
195 1190 334 1248 possit
361 1193 549 1247 probari.
603 1192 718 1234 Nam
738 1191 879 1235 otium
898 1190 1172 1234 sabbaticum
1192 1192 1359 1234 bonum
1389 1206 1439 1234 ac
1468 1192 1657 1234 salutare

97 1277 208 1317 esse,
255 1263 332 1318 qui
370 1264 510 1320 possit
538 1263 715 1320 planius
746 1263 1036 1306 demonstrari
1067 1278 1199 1318 quam
1228 1265 1466 1310 narrando„
1510 1265 1657 1306 Deum

94 1335 241 1392 ipsum
269 1342 370 1392 post
397 1350 474 1378 sex
504 1336 611 1389 dies,
649 1335 808 1391 quibus
839 1336 1056 1378 mundum
1085 1336 1279 1392 perfecit,
1317 1336 1502 1392 septimo
1533 1335 1658 1391 quie·

96 1408 239 1450 visse?
285 1409 442 1462 Itaque
472 1407 618 1449 Deum
646 1407 839 1450 imitanti
869 1408 1052 1464 septimo
1084 1422 1256 1462 quoque
1288 1408 1359 1450 die
1390 1409 1536 1451 feriali
1557 1408 1656 1451 offi-

95 1479 214 1522 cium
242 1477 375 1521 simul
405 1478 488 1521 erit
518 1486 562 1521 et
589 1479 806 1535 voluptas.
1295 1494 1298 1497 ’

209 1550 264 1592 In
309 1550 579 1607 decalogo
623 1551 1060 1594 Deuteronomii
1102 1552 1284 1594 alteram
1329 1560 1499 1609 partem
1545 1553 1656 1609 legis

94 1621 342 1665 sabbaticae
370 1621 622 1666 invenimus
651 1623 782 1680 plane
813 1624 1032 1666 diversam
1062 1631 1106 1666 et
1136 1624 1352 1667 diversam
1391 1624 1470 1667 otii
1499 1627 1658 1668 sabba-

95 1693 174 1736 tici
202 1693 433 1738 rationem.
496 1696 831 1738 Deuteronomii
870 1695 1057 1753 scriptor
1086 1696 1385 1753 compluribus
1413 1698 1656 1754 praeceptis

93 1780 318 1809 servorum
345 1765 691 1823 miserorumque
721 1769 948 1811 commodo
973 1769 1243 1825 prospiciens
1263 1768 1507 1812 adscribere
1529 1770 1651 1822 solet,

94 1844 146 1880 ut
164 1837 390 1881 Israelitae
409 1854 622 1882 memores
653 1840 743 1882 sint
772 1840 995 1883 servitutis
1017 1848 1061 1883 et
1080 1840 1294 1895 miseriae,
1332 1855 1438 1896 quas
1460 1841 1546 1897 ipsi
1568 1842 1657 1884 sint

96 1911 145 1953 in
174 1912 377 1967 Aegypto
405 1911 612 1967 perpessi,
658 1926 844 1967 quarum
882 1913 1180 1955 recordatione
1219 1914 1275 1955 ad
1312 1912 1657 1956 misericordiam

96 1997 198 2040 erga
226 1982 326 2026 illos
356 1990 615 2026 moveantur
648 1984 719 2038 (cf.
753 2000 791 2027 e.
816 2000 854 2028 c.
888 1985 1023 2027 Deut.
1053 1991 1118 2038 15,
1149 1987 1232 2040 15).
1288 1985 1360 2028 Sic
1381 1986 1430 2028 in
1449 1986 1656 2043 decalogo

96 2069 270 2111 quoque
308 2062 407 2112 post
444 2056 598 2098 verba:
643 2063 694 2098 ut
733 2057 928 2111 quiescat
965 2072 1115 2100 servus
1156 2065 1260 2100 tuus
1301 2065 1344 2100 et
1382 2058 1542 2100 ancilla
1580 2066 1656 2101 tua

95 2126 211 2170 sicut
257 2134 326 2180 tu,
371 2127 537 2184 pergit:
586 2129 653 2171 Et
692 2134 974 2172 memento
1008 2144 1234 2172 servum
1283 2138 1334 2172 te
1371 2130 1556 2176 fuisse
1599 2131 1655 2172 in

94 2206 246 2242 terra
274 2201 534 2257 Aegypto
566 2209 619 2244 et
648 2201 916 2244 Jehovam
946 2210 998 2244 te
1030 2202 1161 2244 inde
1201 2202 1464 2245 eduxisse
1494 2217 1656 2245 manu

96 2270 286 2314 valida
325 2279 378 2314 et
415 2273 640 2315 brachio
676 2282 953 2329 porrecto.
1026 2276 1177 2320 Quum
1214 2282 1363 2317 autem
1399 2275 1544 2317 addit:
1597 2291 1657 2318 ea

97 2344 160 2386 de
195 2358 366 2387 causa
402 2344 635 2399 Jehova,
676 2345 825 2388 Deus
864 2354 1012 2399 tuus,
1058 2354 1110 2389 te
1141 2346 1323 2402 jussit
1365 2348 1655 2390 sabbatum

95 2430 281 2473 agere,
318 2417 558 2474 significat,
608 2433 700 2460 non
739 2418 903 2474 solum,
946 2427 996 2461 ut
1026 2419 1195 2462 animos
1226 2420 1282 2462 ad
1311 2418 1654 2462 misericordiam

94 2487 262 2542 incitet,
298 2503 345 2532 se
375 2488 539 2532 dixisse
571 2498 817 2542 „memento
838 2506 1014 2534 servum
1034 2499 1078 2537 te
1098 2491 1264 2534 fuisse“
1287 2498 1387 2543 etc.,
1414 2491 1506 2544 sed,
1540 2492 1656 2546 quod

93 2559 182 2602 Dei
216 2560 416 2617 potentia
450 2562 671 2604 Israelitae
712 2563 922 2607 servitute
959 2562 1132 2607 liberati
1169 2564 1278 2617 sint,
1324 2578 1500 2606 causam
1541 2578 1648 2615 esse,

96 2647 173 2675 cur
201 2632 368 2675 Jehova
396 2634 576 2677 sabbata
605 2649 735 2690 agere
760 2635 955 2691 jusserit.
1010 2637 1057 2679 Si
1088 2636 1216 2679 aliter
1246 2637 1468 2689 sensisset,
1506 2635 1656 2678 dicen-

95 2705 202 2747 dum
232 2704 274 2748 ei
303 2705 483 2748 fuisset:
520 2721 598 2759 „ea
630 2707 683 2749 de
714 2721 847 2749 causa
876 2707 1043 2751 Jehova
1073 2716 1116 2751 te
1142 2703 1277 2763 jussit
1307 2710 1487 2751 sabbato
1510 2722 1654 2751 servos

93 2777 239 2820 sinere
271 2777 491 2832 quiescere
526 2779 656 2834 (sicut
687 2787 736 2821 tu
767 2794 817 2822 eo
848 2780 919 2822 die
951 2780 1200 2836 quiescis)“.
1267 2780 1464 2823 Credidit
1502 2780 1648 2836 igitur,

93 2850 323 2892 sabbatum
361 2865 387 2892 a
417 2851 512 2893 Deo
547 2851 799 2894 institutum
839 2867 930 2894 esse
969 2853 1024 2894 ob
1063 2853 1316 2895 memoriam
1358 2852 1654 2895 Israelitarum
