1904 3216
738 209 1026 248 -95-

107 321 326 377 leguntur,
362 321 698 363 Deuteronomii
726 321 1038 377 proprietatem
1058 320 1343 363 redolentia1.
1398 321 1513 376 Ergo
1535 320 1668 363 etiam

106 391 217 449 legis
236 391 484 435 sabbaticae
508 400 653 448 partes
674 393 1006 436 Deuteronomii
1035 393 1235 449 propriae
1255 394 1310 435 ab
1342 392 1435 448 ejus
1456 391 1665 447 scriptore

108 462 352 520 adscriptae
382 471 487 506 sunt
517 464 848 507 existimandae.
903 465 1068 506 Contra
1097 464 1272 517 dicitur,
1307 479 1400 507 non
1429 464 1559 506 modo
1588 464 1668 506 ad-

109 535 199 578 dita
230 549 337 585 esse,
373 536 451 578 sed
481 537 614 579 etiam
645 535 883 579 desiderari
907 537 955 578 in
974 536 1071 592 lege
1092 536 1315 579 sabbatica
1334 535 1668 579 Deuteronomii

107 609 261 661 verba,
310 621 447 662 eaque
486 608 763 663 gravissima,
813 622 925 663 quae
972 609 1020 649 in
1070 609 1221 651 Exodo
1269 608 1484 664 legantur,
1532 621 1668 662 quum

107 679 291 735 scriptor
319 680 653 722 Deuteronomii
683 681 814 723 verba
852 679 1054 722 omittere
1094 689 1138 722 et
1174 680 1260 722 alia
1296 687 1375 736 'pro
1410 680 1465 722 iis
1503 680 1669 722 substi-

107 758 229 793 tuere
259 750 366 793 alias
395 766 487 793 non
517 751 577 794 sit
606 766 753 794 ausus.
808 752 939 796 Quod
969 751 1147 807 quidem
1177 752 1472 804 concedimus,
1509 758 1554 794 at
1574 767 1668 795 cer-

107 829 202 864 tmn
231 830 540 878 argumentum
570 839 664 867 esse
693 839 928 881 negamus,
964 839 1101 879 quum
1129 824 1213 866 hoc
1242 839 1332 866 uno
1362 824 1457 866 loco
1487 823 1668 880 scriptor

107 893 381 950 perspicuam
421 909 596 938 causam
635 896 839 938 habuerit
878 898 1008 938 verba
1050 897 1232 951 antiqua
1279 895 1496 937 mutandi.
1567 897 1668 938 Hoc

106 973 220 1009 certe
242 979 250 999 -’
259 973 453 1020 constat,
502 968 717 1010 rationem
757 967 837 1010 otii
878 968 1093 1011 sabbatici
1127 968 1176 1010 in
1206 968 1550 1010 Deuteronomio
1591 983 1667 1010 ex-

104 1039 307 1094 positam,
342 1041 396 1082 ab
427 1040 521 1095 ipso
552 1039 646 1095 ejus
677 1040 887 1097 scriptore
926 1041 974 1082 in
1006 1040 1264 1096 decalogum
1303 1039 1513 1082 insertam
1553 1054 1662 1082 esse,

106 1111 219 1153 Nam
248 1118 477 1167 propterea
506 1118 691 1166 tantum,
728 1113 844 1167 quod
875 1127 926 1154 ea
956 1112 1169 1169 expositio
1190 1111 1348 1168 incipit
1367 1112 1499 1154 verbo
1521 1118 1662 1165 ΠἿΞΠ,

104 1181 152 1223 in
182 1183 525 1226 Deuteronomio
556 1199 632 1240 pro
665 1191 756 1228 ἾἿΞΤ
788 1188 1080 1236 „memento“‚
1123 1198 1208 1239 quo
1238 1184 1335 1226 sine
1371 1183 1507 1226 dubio
1540 1183 1665 1240 prin—

104 1253 219 1310 cipio
248 1254 359 1311 legis
389 1255 570 1298 initium
598 1256 763 1299 factum
793 1264 871 1308 est,
907 1257 1195 1300 substitutum
1225 1264 1291 1298 est
1321 1252 1438 1299 'w'mffi
1468 1260 1663 1311 „serva“‚

104 1334 235 1382 atque
269 1327 603 1370 Deuteronomii
646 1328 822 1384 propria
863 1336 928 1371 est
972 1330 1121 1372 crebra
1163 1327 1404 1371 recordatio
1442 1328 1666 1371 servitutis

102 1398 413 1455 Aegyptiacae.
475 1400 611 1442 Porro
651 1414 800 1443 versus
830 1402 966 1451 Deut.
991 1407 1029 1454 5,
1063 1406 1109 1442 15
1148 1399 1198 1442 in
1237 1400 1494 1456 decalogum
1530 1400 1667 1443 inseri

104 1486 196 1514 non
224 1471 387 1527 potuit,
421 1472 676 1527 priusquam
707 1474 838 1514 verba
869 1480 954 1524 „ut
984 1473 1299 1527 requiescat>
1323 1487 1509 1515 servus
1539 1480 1664 1516 tuus

104 1550 156 1584 et
197 1542 402 1584 ancilla
440 1549 532 1584 tua
571 1543 715 1585 sicut
753 1548 844 1585 tu⁶⁴
885 1544 933 1585 in
974 1559 1024 1586 eo
1062 1544 1262 1597 fuerunt,
1303 1544 1413 1586 haec
1451 1551 1598 1587 autem
1640 1559 1665 1587 a

103 1614 311 1671 scriptore
350 1614 685 1657 Deuteronomii
729 1615 900 1671 adjecta
949 1630 1042 1658 esse
1090 1615 1373 1658 manifestum
1423 1622 1506 1669 est,
1562 1631 1666 1658 nam

102 1693 396 1728 consentanea
434 1694 540 1729 sunt
577 1686 685 1742 ipsi,
728 1687 801 1729 cui
837 1688 1095 1731 miserorum
1134 1694 1177 1730 et
1213 1702 1440 1731 servorum
1470 1688 1665 1732 conditio

102 1757 318 1800 maximae
353 1772 482 1800 curae
520 1766 609 1811 est,
650 1766 782 1814 atque
824 1774 935 1814 quae
969 1759 1109 1816 possit
1146 1760 1339 1802 inveniri
1383 1775 1538 1813 causa,
1588 1775 1665 1804 cur

102 1830 194 1872 sint
237 1844 293 1872 ex
335 1829 472 1872 altero
517 1830 725 1887 decalogo
777 1830 939 1886 ejecta?
1016 1832 1221 1887 Denique
1267 1832 1375 1875 haec
1423 1832 1558 1887 ratio,
1615 1833 1663 1875 in

103 1910 296 1945 extremo
335 1901 446 1958 legis
483 1901 634 1944 multis
675 1903 820 1945 verbis
860 1903 1081 1959 expositae
1126 1904 1277 1961 paucis
1317 1904 1558 1960 adscripta,
1606 1921 1663 1949 ne

103 1974 316 2018 vocabulo
347 1981 393 2017 Ὅ
423 1978 582 2025 „nam“
613 1973 792 2029 quidem
821 1983 1045 2031 usurpato,
1084 1991 1170 2031 quo
1201 1977 1250 2018 in
1280 1976 1434 2019 ceteris
1466 1977 1664 2034 decalogi

102 2045 276 2102 legibus
305 2046 489 2089 rationis
521 2046 736 2102 expositio
766 2047 937 2104 incipit,
973 2048 1122 2090 minus
1151 2048 1290 2104 pactis
1329 2063 1379 2091 ac
1410 2049 1662 2105 compositis

102 2116 245 2161 verbis
276 2132 479 2174 expressa
517 2125 597 2172 est,
642 2134 772 2174 quam
811 2128 862 2162 ut
894 2120 1051 2176 prioris
1085 2121 1251 2163 formae
1291 2120 1489 2177 decalogi
1527 2122 1663 2165 fuisse

99 2189 254 2245 possit.

217 2263 371 2318 Itaque
399 2262 483 2305 hoc
502 2263 744 2318 quaeritur:
779 2270 929 2306 utrum
950 2265 1133 2321 scriptor
1156 2266 1492 2308 Deuteronomii
1512 2269 1657 2323 verba,

101 2348 212 2389 quae
232 2334 372 2378 Exod.
398 2339 468 2387 20,
500 2340 543 2375 11
579 2335 779 2391 legimus,
806 2337 969 2390 omisit,
1003 2345 1054 2380 ut
1074 2353 1176 2380 suae
1197 2339 1381 2383 rationis
1401 2341 1479 2384 otii
1505 2344 1663 2385 sabba-

101 2405 179 2448 tici
210 2407 493 2463 exponendae
522 2407 668 2450 locum
697 2407 891 2462 haberet,
925 2424 983 2451 an
1014 2425 1063 2452 ea
1092 2425 1183 2453 non
1203 2412 1341 2466 novit,
1376 2415 1493 2468 quod
1512 2423 1662 2471 poste·-

99 2478 212 2521 tiore
242 2479 421 2521 demum
452 2486 644 2535 tempore
675 2479 723 2521 in
754 2480 1011 2537 decalogum
1041 2482 1206 2538 inserta
1236 2488 1370 2526 sunt?

216 2551 272 2592 In
301 2551 487 2594 dubium
517 2566 669 2594 vocare
699 2567 791 2594 non
819 2552 937 2607 licet,
972 2554 1253 2611 decalogum,
1289 2557 1430 2612 qualis
1461 2558 1660 2614 scriptori

101 2623 435 2666 Deuteronomii
470 2632 601 2667 notus
639 2632 752 2675 erat,
796 2626 1065 2668 continuisse
1097 2641 1147 2668 ea
1177 2629 1333 2682 verba,
1379 2630 1540 2684 quibus
1570 2631 1660 2688 legi

100 2695 332 2748 secundae,
366 2696 532 2748 tertiae,
569 2697 762 2752 quintae,
798 2696 990 2741 decimae
1029 2699 1223 2742 rationes
1259 2708 1304 2743 et
1343 2701 1658 2758 explicationes

195 2799 222 2840 1)
248 2798 350 2834 Haec
374 2810 433 2834 res
457 2811 530 2835 non
555 2806 719 2836 mutatur
744 2812 797 2844 eo,
827 2801 927 2847 quod
951 2803 1283 2841 Deuteronomium
1307 2804 1506 2842 nonnullas
1530 2805 1658 2843 lectio-

97 2859 163 2890 nes
178 2854 332 2892 fortasse
356 2855 526 2893 meliores
549 2857 672 2894 habet.
