1904 3216
771 765 980 818 caput
1015 765 1081 808 V.

269 946 336 987 Ac
364 943 572 987 facillime
601 944 710 986 haec
747 943 874 986 nobis
910 943 1069 985 incidit
1108 942 1329 998 cogitatio,
1365 941 1457 983 dies
1493 942 1707 997 .ζιαῖ..9ᾶῖ.

154 1017 369 1073 principio
408 1017 596 1058 Lunae
642 1015 777 1058 fuisse
820 1016 1017 1069 festos,
1063 1023 1107 1057 et
1145 1030 1195 1057 ea
1229 1029 1275 1056 re
1315 1020 1439 1070 parta
1479 1014 1711 1056 sanctitate

154 1088 319 1132 factum
349 1103 466 1142 esse,
500 1096 552 1130 ut
579 1088 748 1130 labores
780 1088 1186 1130 intermitterentur.
1251 1087 1336 1129 Sed
1367 1094 1518 1128 avocat
1546 1101 1628 1128 nos
1657 1087 1712 1127 ab

155 1161 238 1204 hac
277 1160 541 1218 cogitatione
588 1175 638 1202 ea
676 1161 807 1214 ratio,
865 1161 980 1215 quod
1025 1160 1156 1202 lunae
1197 1159 1366 1201 lumina
1405 1158 1510 1201 satis
1554 1158 1713 1200 idonea

156 1233 335 1289 quidem
364 1233 582 1286 videntur,
624 1247 733 1288 quae
763 1233 964 1275 homines
995 1233 1050 1274 ad
1079 1232 1244 1274 mensis
1276 1230 1712 1287 quadripartitionem

153 1306 376 1349 adducant
405 1314 450 1348 et
479 1313 664 1361 quatuor
693 1305 884 1360 partium
915 1305 1044 1346 initia
1074 1305 1330 1360 designent,
1367 1304 1442 1345 sed
1472 1317 1586 1344 nova
1615 1310 1714 1344 tan—

154 1384 251 1420 tum
281 1385 326 1420 et
353 1377 484 1434 plena
512 1377 618 1418 luna
658 1377 762 1419 satis
791 1376 995 1432 insigniS‚
1039 1384 1088 1418 ut
1128 1377 1298 1418 dierum
1335 1376 1546 1418 festorum
1583 1375 1715 1418 insti-

153 1450 418 1492 tuendorum
448 1463 576 1491 causa
603 1463 696 1490 esse
716 1448 867 1504 possit.
920 1449 1148 1490 Praeterea
1179 1448 1271 1490 dies
1302 1448 1710 1500 duodetricesimus‚

155 1536 240 1576 quo
269 1521 376 1564 luna
404 1535 495 1563 non
526 1520 645 1562 cerni
670 1521 794 1574 solet,
829 1520 1011 1562 minime
1042 1521 1227 1563 idoneus
1258 1508 1325 1562 est
1354 1521 1410 1561 ad
1440 1535 1536 1561 eam
1566 1519 1714 1561 colen-

155 1594 256 1636 dam
269 1595 300 1647 ¹,
329 1600 479 1636 contra
505 1592 696 1635 maxime
726 1592 910 1635 idoneus
931 1592 1111 1648 primus,
1134 1607 1220 1647 quo
1240 1592 1347 1635 luna
1366 1607 1480 1635 nova
1499 1592 1715 1647 conspici—

155 1672 228 1707 tur
256 1666 403 1721 (quare
427 1680 479 1708 eo
502 1666 573 1708 die
604 1666 754 1708 dorcas
784 1665 826 1706 ei
846 1665 1130 1720 immolatur)⁷
1155 1666 1232 1706 sed
1253 1665 1290 1707 is
1310 1680 1400 1707 non
1417 1672 1482 1707 est
1497 1665 1589 1706 dies
1609 1664 1710 1719 [ml.

159 1738 279 1794 aaz„
313 1753 456 1794 neque
485 1738 573 1780 illis
603 1738 749 1780 vetitis
780 1737 1082 1793 distinguitur.

273 1810 476 1853 Forsitan
507 1810 724 1866 quispiam
752 1816 900 1865 putet,
942 1809 1225 1865 Babylonios,
1271 1809 1437 1863 otium,>
1467 1824 1551 1864 quo
1589 1809 1707 1862 olim,

157 1897 294 1938 quum
322 1883 475 1925 Lunae
506 1882 648 1924 cultus
687 1882 986 1924 nobilissimus
1027 1890 1162 1934 esset,
1205 1882 1361 1924 diebus
1398 1882 1551 1923 Lunae
1590 1881 1714 1923 festis

157 1955 228 1997 usi
256 1955 369 2009 sint,
416 1955 653 2010 posteriore
682 1962 900 2010 tempore,
945 1969 1080 2009 quum
1109 1954 1256 2009 plures
1297 1954 1400 1995 deos
1439 1968 1529 1995 non
1566 1954 1713 1995 minus

157 2042 288 2082 quam
317 2028 491 2069 Lunam
522 2027 729 2080 colerent,
763 2034 984 2068 retentum
1018 2026 1235 2081 principio
1271 2026 1325 2067 ad
1356 2027 1507 2068 Lunae
1547 2026 1715 2068 cultum

155 2099 417 2156 pertinuisse
447 2099 606 2145 oblitos
620 2101 651 2152 2,
694 2099 787 2141 sive
822 2106 1000 2157 propter
1036 2098 1209 2139 numeri
1251 2098 1487 2153 septenarii
1525 2098 1716 2140 auctori-

254 2250 285 2292 1)
313 2248 528 2284 En-Nedim
560 2248 708 2295 quidem
739 2248 854 2284 tradit
879 2247 1095 2291 (Ohwolson,
1125 2249 1279 2291 Ssabier,
1306 2248 1344 2283 H
1362 2250 1409 2292 8),
1445 2248 1544 2295 apud
1576 2248 1715 2282 Harra-

161 2306 244 2343 nios
267 2306 315 2342 ad
337 2306 516 2342 sacrificia
538 2306 707 2342 facienda
730 2306 798 2342 hos
822 2306 874 2341 IV
897 2306 1034 2342 mensis
1059 2306 1239 2353 cujusque
1263 2306 1341 2342 dies
1359 2306 1563 2342 destinatos
1579 2305 1710 2340 fuisse:

160 2364 258 2400 diem
269 2376 385 2401 novae
396 2363 517 2407 lunae,
534 2363 644 2399 lunae
658 2363 872 2399 dimidiatae
886 2364 1094 2407 crescentis,
1113 2363 1308 2410 septimum
1322 2363 1513 2406 decimum,
1531 2363 1716 2398 duodetri-

161 2421 346 2459 cesimum.
382 2421 466 2465 Sed,
486 2427 529 2457 ut
545 2422 583 2457 id
600 2434 727 2458 verum
745 2421 804 2465 sit,
825 2421 911 2456 inde
928 2434 1001 2457 non
1018 2426 1140 2468 potest
1157 2420 1294 2467 colligi,
1324 2421 1398 2456 diei
1418 2420 1715 2456 duodetricesimi

159 2479 435 2516 distinctionem
458 2480 505 2516 ad
527 2479 635 2515 lunae
661 2479 800 2515 cultum
824 2479 1058 2526 pertinuisse.
1097 2479 1194 2515 Nam
1218 2490 1331 2525 quum
1354 2478 1485 2525 plenae
1509 2478 1619 2514 lunae
1636 2478 1715 2514 dies

160 2537 201 2573 in
223 2549 374 2574 numero
400 2537 541 2574 dierum
565 2537 714 2573 illorum
737 2549 812 2572 non
836 2537 895 2580 sit,
935 2542 1062 2573 contra
1091 2537 1170 2572 dies
1203 2536 1381 2583 septimus
1413 2536 1575 2572 decimus
1607 2535 1715 2571 lunae

159 2593 298 2631 lumine
321 2594 425 2631 nullo
449 2595 557 2631 modo
576 2595 785 2638 distinctus,
814 2607 888 2630 non
912 2600 968 2630 est
991 2594 1194 2642 probabile,
1224 2594 1313 2630 solis
1344 2594 1454 2630 lunae
1478 2593 1605 2629 formis
1629 2592 1715 2628 illos

160 2653 207 2688 ad
231 2664 293 2688 eos
317 2653 396 2689 dies
420 2653 610 2700 eligendos
634 2663 711 2689 esse
737 2652 925 2688 adductos.

253 2712 283 2754 2)
308 2710 356 2746 Id
378 2710 603 2758 Babylonios
626 2723 706 2747 esse
731 2709 877 2752 oblitos,
908 2710 1057 2746 debebit
1072 2718 1219 2756 ponere,
1250 2721 1363 2755 quum
1380 2709 1467 2744 fasti
1489 2709 1710 2756 babylonici,

162 2779 380 2815 quamquam
419 2769 564 2804 Lunum
603 2769 729 2804 crebro
769 2773 992 2810 memorant,
1040 2767 1120 2814 ejus
1159 2767 1299 2802 cultum
1338 2767 1533 2814 praecipue
1576 2766 1716 2802 dierum

165 2827 343 2875 ,ζιαῑηρᾶί
372 2837 461 2870 esse,
489 2826 776 2872 haudquaquam
800 2825 968 2872 prodant.
