1904 3216
843 189 1127 230 ,78-

213 316 303 344 non
344 316 436 344 esse
481 308 694 344 servatam
738 301 948 357 propheta
985 301 1196 356 queritur.
1267 302 1334 344 Ex
1370 317 1454 357 quo
1497 303 1754 358 neutiquam

214 372 418 426 efficitur,
453 373 688 415 admodum
716 386 883 414 novum
911 371 1044 414 fuisse
1065 371 1177 414 illud
1196 379 1486 428 praeceptum,
1521 373 1593 416 cui
1611 381 1757 430 patres

216 459 306 487 non
337 443 560 500 potuerint
586 456 749 498 parere,
786 442 887 497 quia
922 443 1048 498 (quod
1080 443 1184 498 ipsis
1214 444 1359 486 Deum
1387 443 1619 499 imperasse
1647 445 1755 489 dicit

212 515 458 572 prophetal)
485 528 574 556 non
594 513 838 556 noverint1.
892 514 1006 556 Nam
1027 528 1080 556 ex
1110 514 1185 556 illo
1206 514 1358 557 Amosi
1384 514 1633 569 didicimus,
1661 516 1752 572 jam

212 594 388 629 centum
419 592 462 628 et
492 584 810 641 quinquaginta
840 585 967 627 annis
997 593 1098 628 ante
1129 584 1435 629 commercium
1472 593 1515 628 et
1551 587 1611 642 (id
1639 588 1755 643 quod

211 672 265 700 ex
304 671 354 700 eo
393 655 652 712 colligimus)
695 670 823 712 opera
866 657 1011 699 omnia
1053 657 1243 709 sabbatis
1299 659 1584 713 intermittere
1623 658 1754 703 moris

209 728 357 771 fuisse.
428 728 496 770 Ne
533 723 616 770 hoc
655 727 830 782 quidem
876 742 930 770 ex
971 729 1110 771 verbis
1147 729 1362 772 Jeremiae
1406 738 1548 786 potest
1589 729 1750 786 colligi,

211 798 454 842 accuratius
484 798 801 854 perfectiusque
832 799 971 855 ipsius
1002 807 1142 842 aetate
1173 800 1310 842 otium
1351 801 1541 844 sabbatis
1578 815 1755 845 servan-
1807 828 1810 832 ,

211 871 316 913 dum
345 869 614 926 postulatum
645 884 751 912 esse.
814 871 928 912 Nam
965 885 1095 913 onera
1130 871 1255 925 ferre,
1302 873 1417 927 quod
1453 873 1642 919 maxime
1679 871 1754 916 ille

209 949 339 996 vetat,
376 947 519 994 antea,
554 955 689 996 quum
719 942 906 983 vendere
936 957 1064 984 nemo
1094 943 1284 996 auderet,
1320 943 1492 987 licitum
1520 944 1654 988 fuisse
1683 944 1754 987 in-

210 1013 416 1056 credibile
461 1019 541 1056 est.
611 1013 757 1067 Atque
795 1027 878 1067 quo
910 1012 1007 1068 jure
1047 1013 1183 1069 possit
1222 1029 1276 1056 ex
1311 1014 1505 1059 oratione
1542 1012 1754 1066 Jeremiae

207 1084 435 1128 ¹concludi:
481 1083 803 1139 „Herqebraokt
840 1083 1000 1127 sokeint
1028 1086 1116 1127 also
1157 1099 1238 1127 nur
1275 1085 1340 1128 die
1370 1085 1637 1142 Enthaltunq
1675 1100 1754 1128 von

209 1157 283 1204 der
302 1154 548 1199 Feldarbeit
576 1155 664 1198 und
691 1154 900 1198 vielleioht
919 1170 996 1198 von
1026 1157 1101 1198 der
1125 1156 1475 1212 prqfessionellen
1505 1156 1755 1213 Hantu'runq

207 1241 390 1283 qewesen
434 1241 487 1269 zu
529 1226 680 1279 sein⁴‘2,
732 1226 806 1268 vix
846 1225 1073 1282 quisquam
1113 1227 1392 1270 intellexerit.
1465 1229 1605 1270 Immo
1653 1241 1753 1271 vero

208 1299 374 1342 labores
409 1312 560 1354 graves
604 1305 654 1340 ut
698 1311 827 1340 onera
871 1297 981 1339 ferre
1024 1313 1177 1341 censeo
1212 1306 1312 1341 ante
1347 1299 1494 1341 omnia
1529 1313 1621 1342 esse
1656 1300 1754 1342 sab-

206 1370 320 1413 batis
359 1369 561 1422 omissos,
604 1375 647 1411 et
685 1383 821 1423 quum
860 1369 973 1411 cives
1013 1370 1040 1410 J
1043 1370 1226 1412 eremiae
1268 1370 1525 1426 religionem
1563 1370 1754 1414 Jehovae

209 1447 536 1484 contemnentes
574 1455 664 1482 non
703 1440 887 1495 puderet
927 1455 1058 1482 onera
1094 1441 1284 1484 sabbatis
1320 1441 1451 1494 ferre,
1493 1448 1608 1484 certe
1646 1441 1752 1485 alios

206 1513 374 1556 labores
404 1512 545 1554 facere
575 1511 705 1554 etiam
734 1511 881 1553 minus
911 1510 1040 1553 veriti
1070 1518 1185 1554 sunt.

320 1594 570 1638 Ezechiel
599 1593 712 1635 sicut
740 1592 930 1635 Jeremia
961 1594 1168 1647 queritur,
1196 1594 1310 1636 cives
1333 1609 1432 1637 suos
1451 1595 1629 1637 sabbata
1649 1609 1752 1638 con-

208 1675 415 1710 temnere.
468 1667 650 1708 Peccata
672 1664 837 1706 Oholae
861 1671 903 1706 et
925 1664 1137 1707 Oholibae
1157 1680 1338 1707 narrans
1359 1667 1536 1707 sabbata
1556 1666 1754 1722 neglecta

208 1738 349 1781 acrius
388 1736 670 1793 reprehendit
713 1737 794 1789 (23,
836 1736 902 1789 38)
947 1743 990 1777 et
1029 1736 1277 1791 principum
1322 1737 1483 1778 scelera
1526 1736 1754 1792 increpans

209 1809 317 1851 dicit
357 1810 438 1862 (22,
475 1808 512 1860 8)
560 1820 738 1858 „sacra
776 1820 890 1847 mea
929 1806 1233 1862 diripuisti
1275 1814 1324 1849 et
1366 1809 1598 1850 sabbata
1638 1821 1754 1849 mea

207 1880 335 1936 prof
341 1878 573 1921 anasti“.
636 1878 781 1920 Etiam
811 1878 859 1919 in
889 1892 954 1931 eo,
989 1879 1104 1933 quod
1134 1878 1227 1933 jam
1264 1879 1430 1934 priores
1460 1878 1754 1921 Israelitarum

210 1958 371 1994 aetates
411 1951 590 1993 sabbata
621 1949 930 2005 contempsisse
971 1949 1100 2002 dicit,
1147 1951 1376 1992 concordat
1414 1949 1617 1992 Ezechiel
1655 1964 1754 1992 cum

207 2022 411 2065 Jeremia.
467 2021 587 2066 Quin
618 2021 750 2063 etiam
779 2021 907 2076 plane
939 2020 1046 2063 dicit
1082 2022 1165 2075 (20,
1206 2026 1254 2062 10
1277 2022 1406 2077 sqq.),
1441 2022 1584 2063 Deum
1614 2022 1753 2064 Israe-

207 2094 299 2137 litis
336 2108 390 2135 ex
419 2094 617 2149 Aegypto
655 2093 702 2133 in
742 2093 961 2135 desertum
999 2093 1166 2135 eductis
1204 2092 1267 2134 ibi
1307 2099 1535 2148 praecepta
1572 2099 1616 2135 et
1653 2091 1753 2147 jura

208 2180 286 2207 sua
315 2157 601 2220 proposuisse,
639 2178 776 2218 „quae
806 2163 935 2206 homo
966 2164 1114 2216 faciat,
1150 2170 1200 2206 ut
1230 2163 1284 2205 iis
1314 2164 1470 2216 vivat“,
1506 2178 1557 2205 ac
1584 2163 1747 2220 pergit:

210 2237 306 2288 „Et
335 2237 566 2278 sabbata
596 2249 710 2277 mea
740 2235 815 2276 iis
847 2235 999 2289 dedi,
1033 2242 1093 2277 ut
1130 2235 1347 2291 signum
1385 2241 1573 2277 essent
1602 2234 1754 2277 inter

208 2322 286 2349 me
337 2314 389 2349 et
434 2321 543 2359 eos,
598 2313 658 2348 ut
706 2306 951 2348 sciretur
999 2321 1100 2359 me,
1156 2306 1438 2357 Jehovam,
1495 2320 1612 2348 esse
1662 2320 1752 2348 eos

209 2378 682 2421 sanctificantem.
749 2378 880 2420 Tum
911 2385 1207 2420 contumax
1237 2377 1349 2419 fuit
1378 2377 1646 2419 adversus
1675 2391 1752 2419 me

209 2451 395 2492 domus
435 2449 671 2492 Israelis
707 2449 762 2490 in
799 2451 1044 2502 deserto,
1101 2448 1413 2492 secundum
1451 2455 1752 2504 praecepta

207 2536 322 2563 mea
356 2535 465 2563 non
501 2521 768 2563 vixerunt
814 2528 866 2563 et
904 2521 1031 2575 jura
1073 2535 1185 2562 mea
1230 2526 1577 2575 spreverunt,
1621 2533 1752 2574 quae

302 2694 332 2734 1)
361 2692 465 2731 Quae
498 2690 828 2728 Wellhauseni
864 2691 1084 2734 (Geschichte
1113 2692 1259 2734 Israels,
1287 2691 1304 2727 I
1330 2692 1405 2733 118)
1440 2689 1621 2726 sententia
1649 2688 1752 2725 vide-

206 2753 266 2784 tur
291 2760 381 2785 esse.

299 2813 330 2854 2)
359 2811 408 2846 W
411 2810 610 2854 ellhausen,
639 2810 663 2847 l.
681 2811 705 2846 l.
