1884 3204
675 737 1116 803 Prooemium.

239 929 461 1008 Quamvis
491 957 621 1001 multi
652 963 824 1001 exstent
853 956 977 1013 libri,
1013 956 1173 1013 quibus
1214 957 1267 999 de
1297 956 1570 1000 hebdomade
1608 957 1680 1000 in—

55 1085 57 1087 *
123 1035 277 1078 stituta
297 1041 342 1078 et
358 1034 412 1077 de
427 1033 612 1088 sabbati,
633 1033 663 1077 i.
679 1049 718 1077 e.
737 1032 914 1090 septimi
935 1033 1147 1090 cujusque
1169 1032 1257 1076 diei
1277 1032 1438 1076 laboris
1459 1033 1681 1077 intermis-

123 1108 244 1151 sione
267 1105 384 1163 (otio,
407 1106 568 1163 quiete)
590 1106 896 1163 distinguendi
915 1106 1084 1163 origine
1105 1121 1156 1149 ac
1169 1113 1327 1149 natura
1342 1113 1576 1149 tractatum
1597 1113 1677 1161 est,

125 1187 274 1223 tamen
292 1179 378 1223 hoc
396 1179 491 1236 ipso
507 1186 717 1236 tempore,
737 1194 822 1235 quo
842 1194 934 1222 non
953 1179 1082 1223 modo
1104 1194 1159 1222 ex
1178 1179 1521 1236 Mesopotamiae
1541 1179 1682 1222 ruinis

124 1252 277 1295 literae
307 1259 578 1295 emerserunt
608 1251 902 1308 amplissimae
933 1259 977 1295 et
996 1251 1380 1309 locupletissimae,
1415 1266 1525 1307 quae
1547 1266 1682 1307 quum

123 1339 191 1367 res
232 1323 436 1380 antiquas
472 1323 817 1380 Babyloniorum
856 1324 1001 1368 adhuc
1038 1325 1233 1367 tenebris
1273 1326 1523 1367 obscuratas
1559 1331 1683 1381 pate-

122 1395 294 1440 faciunt
322 1402 453 1452 atque
490 1396 736 1451 illustrant,
776 1404 873 1440 tum
904 1412 1014 1453 quae
1052 1403 1250 1454 spectant
1279 1397 1335 1439 ad
1363 1396 1683 1440 hebdomadem

123 1470 439 1524 sabbatumque
485 1483 636 1512 eorum
680 1470 893 1526 produnt,
939 1484 1092 1512 verum
1138 1469 1270 1512 etiam
1307 1470 1361 1512 de
1398 1469 1684 1526 pentateuchi

125 1540 311 1585 Mosaici
340 1540 514 1598 origine
546 1548 590 1584 et
620 1542 674 1584 de
703 1557 851 1585 rerum
871 1542 1213 1586 Israeliticarum
1232 1542 1483 1599 primordiis
1514 1558 1564 1586 ac
1582 1558 1685 1600 pro—

123 1628 275 1671 gressu
303 1620 481 1670 prorsus
511 1629 625 1657 nova
644 1616 699 1658 ab
719 1615 973 1658 hominibus
1004 1615 1144 1658 doctis
1174 1614 1355 1658 inventa
1385 1622 1504 1670 sunt,
1539 1617 1684 1659 denuo

123 1686 239 1729 hano
266 1701 359 1730 rem
398 1690 670 1732 tractandam
710 1695 755 1730 et
794 1687 1132 1731 examinandam
1172 1701 1266 1731 esse
1305 1695 1495 1745 apparet.
1559 1689 1685 1731 Nova

128 1758 250 1802 enim
287 1759 372 1803 ista
418 1774 564 1803 rerum
608 1760 948 1804 Israelitiearum
995 1761 1314 1804 narrandarum
1361 1760 1495 1816 ratio,
1549 1776 1685 1817 quum

126 1831 298 1874 sabbati
329 1846 500 1888 quoque
530 1833 801 1890 temporibus
833 1833 1014 1879 diversis
1055 1833 1271 1876 diversam
1311 1834 1429 1890 apud
1458 1834 1685 1877 Hebraeos

127 1903 261 1946 etiam
289 1911 387 1960 post
407 1905 564 1948 Mosen
583 1907 890 1949 auctoritatem
910 1905 1047 1948 fuisse
1070 1912 1245 1961 statuat,
1273 1905 1364 1949 sive
1385 1913 1502 1949 recta
1523 1921 1574 1950 ea
1593 1907 1686 1950 sive

124 1991 256 2033 prava
286 1983 363 2031 est,
400 1991 514 2019 nova
541 1979 664 2033 quasi
684 1978 851 2021 trutina
870 1979 987 2021 locos
1009 1978 1182 2020 Veteris
1203 1979 1490 2033 Testamenti,
1526 1978 1686 2034 quibus

125 2049 179 2092 de
209 2050 390 2092 sabbato
420 2049 580 2105 agitur,
615 2049 830 2107 pensandi
859 2050 1162 2093 necessitatem
1184 2051 1328 2104 affert3
1364 2051 1517 2094 literae
1538 2058 1686 2094 autem

125 2121 418 2178 Babylonicae
438 2129 612 2165 tantum
633 2122 781 2165 valent
810 2122 866 2164 ad
887 2124 1253 2179 cognoscendum,
1278 2139 1388 2166 num
1408 2132 1509 2167 ante
1530 2125 1685 2167 Mosen

126 2195 358 2237 sabbatum
387 2195 458 2238 vel
487 2195 630 2238 simile
662 2195 756 2251 ejus
786 2195 932 2250 fuerit,
969 2202 1020 2238 ut
1051 2211 1100 2239 ea
1132 2197 1329 2253 quaestio
1345 2196 1439 2253 jam
1459 2197 1508 2239 in
1532 2196 1686 2239 discri-

125 2283 229 2312 men
257 2269 446 2312 adducta
477 2282 568 2311 esse
604 2267 824 2311 videatur:
871 2268 987 2324 quod
1028 2268 1103 2324 qui
1142 2269 1481 2323 demonstrabit,
1527 2284 1683 2326 operae

125 2341 316 2398 pretium
344 2339 490 2384 faciet.
537 2342 637 2383 Jam
667 2347 860 2383 nostram
881 2341 1055 2397 utrique
1075 2341 1139 2384 rei
1160 2356 1335 2398 operam
1355 2356 1514 2385 navare
1536 2342 1683 2384 animo

125 2413 444 2471 proposuimus.

241 2487 297 2529 In
317 2487 418 2529 Vet.
436 2486 716 2529 Testamento
737 2486 901 2542 duplex
921 2486 975 2528 de
997 2486 1164 2544 origine
1186 2487 1357 2530 sabbati
1378 2487 1587 2530 memoria
1608 2502 1684 2530 ex-

127 2565 228 2602 stat.
270 2558 468 2601 Primum
487 2558 699 2615 proditur,
734 2559 880 2600 Deum
900 2560 1031 2615 quod,
1056 2561 1220 2603 mundo
1247 2575 1325 2604 sex
1345 2559 1501 2603 diebus
1523 2567 1680 2615 creato,

126 2630 313 2688 septimo
353 2630 588 2686 quieverit,
642 2631 763 2673 hune
803 2631 920 2674 diem
967 2632 1161 2676 faustum
1204 2648 1460 2688 sacrumque
1507 2633 1677 2686 fecisse,

131 2717 315 2759 eamque
337 2718 432 2748 esse
453 2718 641 2759 causam,
676 2718 753 2746 eur
773 2704 984 2760 septimus
1007 2705 1190 2760 quisque
1212 2705 1305 2748 dies
1326 2705 1472 2761 quiete
1495 2705 1553 2748 sit
1573 2706 1687 2749 eele-

130 2776 324 2819 brandus
345 2776 477 2832 (Gen.
503 2780 543 2831 2,
569 2781 610 2819 2.
637 2781 677 2818 3.
711 2776 793 2819 Ex.
820 2781 888 2831 20,
918 2779 1093 2835 9—11);
1145 2779 1259 2820 Tum
1279 2780 1401 2821 Deus
1431 2793 1508 2834 per
1526 2779 1683 2821 Mosen

132 2847 342 2892 Israelitis
372 2850 603 2892 sabbatum
633 2848 803 2892 dedisse
844 2849 1005 2893 dicitur
1043 2850 1213 2906 (Ezech.
1239 2855 1309 2905 20,
1339 2855 1520 2893 18--21.
1567 2851 1682 2894 Neh.

204 2927 311 2962 rotz.
332 2928 459 2957 historia
477 2928 604 2956 sabbati.
1394 2932 1407 2965 1
