1904 3216
880 197 1163 236 ..74—

246 308 431 352 traditus
462 309 552 352 sive
583 311 636 351 ab
668 307 965 351 Israelitarum
993 308 1189 364 patribus
1203 311 1231 362 ¹,
1275 308 1365 351 sive
1396 324 1421 352 a
1449 310 1571 353 Mose
1600 317 1792 353 mutare-

246 387 331 435 tur,
364 380 625 437 perdifficile
646 387 711 422 est
731 379 925 435 cognitu.
977 380 1274 435 Astrologicae
1292 380 1575 424 hebdomadis
1593 389 1792 437 respectu

247 452 471 494 Hebraeos
502 453 680 494 sabbata
710 450 894 505 septimo
926 464 1095 505 quoque
1127 451 1197 492 die
1227 452 1384 494 reverti
1413 452 1616 495 maluisse
1645 453 1790 495 incre-

249 522 383 565 dibile
424 530 501 576 est,
551 522 652 577 quia
691 521 813 565 illam
843 521 978 564 fuisse
1018 528 1094 564 aut
1134 522 1349 565 Hebraeis
1388 524 1469 577 (vel
1509 523 1790 580 Canaanaeis)

248 601 409 647 notam,
444 600 520 636 aut
549 593 739 636 sabbatis
769 592 859 635 ullo
889 592 1065 635 vinculo
1106 608 1345 636 connexam
1381 610 1471 638 non
1509 602 1652 651 potest
1688 609 1791 651 pro-

247 665 357 707 bari.
419 664 636 719 Equidem
666 664 797 706 aliam
827 679 1001 706 causam
1030 678 1119 707 non
1149 665 1329 728 reperio,
1373 666 1460 708 nisi
1491 667 1605 721 quod
1635 667 1791 709 sabba-

248 745 342 779 tum
381 736 618 792 imaginem
657 735 948 779 existimarint
996 736 1152 792 quietis
1188 736 1274 778 Dei
1313 744 1412 792 post
1457 738 1671 780 mundum
1716 751 1792 780 sex

249 808 402 851 diebus
434 815 625 851 creatum
646 807 830 863 septimo
851 808 1010 850 feriati.
1066 807 1285 850 Credibile
1307 816 1372 851 est
1401 810 1532 862 enim,
1566 810 1790 852 Hebraeos

248 896 300 923 ex
336 879 580 936 Babylonia
622 893 834 935 egressos,
883 893 1018 933 quum
1055 879 1348 922 hebdomades
1382 881 1661 936 babylonicas
1700 894 1791 923 ser-

247 968 346 995 vare
375 951 605 994 hominum
634 965 842 1006 vagorum
872 957 966 992 tum
997 956 1039 992 et
1069 957 1184 993 certo
1220 965 1365 993 rerum
1405 951 1600 994 civilium
1639 951 1790 994 ordine

248 1024 491 1067 carentium
520 1022 665 1064 minus
695 1021 942 1073 interesset,
987 1022 1209 1064 credentes
1249 1022 1408 1064 idcirco
1445 1022 1626 1078 septimo
1664 1016 1735 1065 die
1765 1037 1790 1065 a

246 1096 392 1138 labore
422 1094 638 1137 abstinere
656 1094 732 1136 ,fas
773 1108 887 1147 esse,
931 1094 1046 1148 quod
1080 1094 1200 1135 Deus
1239 1094 1423 1149 septimo
1464 1093 1533 1136 die
1570 1095 1624 1136 ab
1662 1107 1789 1149 opere

232 1166 404 1209 'mundi
433 1165 610 1208 creandi
641 1164 974 1220 conquievisset,
1019 1164 1253 1219 septimum
1285 1179 1498 1220 quemque
1528 1164 1644 1207 diem
1672 1178 1790 1207 nun-

247 1253 378 1293 quam
405 1237 504 1293 plus
536 1251 612 1279 sex
639 1236 794 1279 diebus
814 1235 1082 1292 interpositis
1101 1237 1331 1278 sabbatum
1360 1235 1526 1291 fecisse,
1561 1235 1791 1278 deficiente

241 1309 334 1365 jam
373 1323 525 1363 causa,
571 1323 646 1350 cur
684 1307 864 1350 initium
909 1307 1071 1349 mensis
1119 1307 1250 1350 etiam
1290 1307 1572 1350 hebdomadis
1610 1307 1790 1350 initium

246 1395 338 1424 esse
369 1381 557 1423 deberet.
1726 1386 1727 1389 ’

362 1453 491 1497 Quod
513 1451 574 1494 viis
604 1465 707 1493 sane
739 1449 997 1506 displicebit,
1034 1450 1108 1504 qui
1129 1450 1362 1505 posteriore
1384 1451 1560 1492 demum
1578 1458 1785 1506 tempore,

245 1525 424 1567 fortasse
453 1530 551 1578 post
581 1522 784 1565 exsilium
803 1521 1124 1577 babylonicum,
1158 1522 1383 1564 Hebraeos
1413 1522 1611 1576 sensisse,
1645 1523 1790 1565 Deum

247 1610 323 1637 sex
353 1594 507 1637 diebus
527 1595 742 1636 mundum
763 1608 926 1636 creasse
956 1594 1225 1649 septimoque
1248 1593 1475 1647 quievisse,
1500 1594 1783 1648 contendunt,

245 1668 376 1708 verba
406 1680 535 1718 „nam
565 1679 642 1707 sex
672 1665 827 1707 diebus
856 1665 1023 1707 Jehova
1052 1665 1155 1707 fecit
1193 1665 1362 1707 coelum
1400 1672 1444 1706 et
1482 1671 1639 1708 terram
1675 1669 1789 1708 etc.“

245 1738 333 1794 legi
364 1744 542 1793 quartae
575 1737 772 1792 decalogi
802 1751 896 1779 sero
925 1737 1089 1779 inserta
1120 1750 1211 1778 esse
1231 1735 1329 1778 rati.
1383 1736 1450 1777 De
1472 1750 1556 1790 qua
1574 1751 1621 1779 re
1639 1743 1789 1792 postea

246 1810 293 1851 in
338 1808 466 1851 tertio
505 1807 636 1863 hujus
675 1807 777 1849 libri
818 1808 959 1863 capite
997 1806 1139 1849 fusius
1180 1806 1493 1862 disputandum
1533 1807 1629 1849 erit.
1699 1807 1790 1850 Hic

245 1881 349 1923 satis
394 1887 459 1922 est
503 1880 836 1933 demonstrasse,
886 1894 976 1921 non
1021 1893 1114 1921 esse
1159 1892 1352 1933 causam,
1402 1891 1479 1920 cur
1521 1878 1784 1934 dubitemus,

247 1951 467 1994 Israelitas
492 1950 584 2006 jam
604 1951 741 1994 Mosis
772 1957 912 1994 aetate
934 1965 1034 1992 eum
1054 1951 1328 1992 sabbatorum
1349 1949 1544 1992 ordinem
1562 1948 1782 2005 habuisse,

247 2024 321 2079 qui
353 2023 484 2065 etiam
513 2037 634 2064 nunc
662 2037 687 2064 a
716 2023 895 2065 Judaeis
927 2029 1133 2064 servatur.

341 2163 368 2203 1)
394 2160 463 2196 Vel
487 2173 508 2196 a
532 2159 767 2203 Canaanaeis‚
805 2159 870 2206 qui
894 2159 1048 2195 fortasse
1083 2164 1167 2195 ante
1191 2157 1439 2195 AbrahamUm
1469 2156 1695 2193 hebdomade
1727 2157 1786 2193 usi

246 2223 330 2254 sunt
354 2231 375 2253 a
398 2217 613 2265 Babyloniis
636 2222 794 2263 accepta.
