<?xml version="1.0" encoding="UTF-8"?>
<!DOCTYPE html PUBLIC "-//W3C//DTD XHTML 1.0 Transitional//EN"
    "http://www.w3.org/TR/xhtml1/DTD/xhtml1-transitional.dtd">
<html xmlns="http://www.w3.org/1999/xhtml" xml:lang="en" lang="en">
 <head>
  <title>
</title>
<meta http-equiv="Content-Type" content="text/html;charset=utf-8" />
  <meta name='ocr-system' content='tesseract 3.04.00' />
  <meta name='ocr-capabilities' content='ocr_page ocr_carea ocr_par ocr_line ocrx_word'/>
</head>
<body>
  <div class='ocr_page' id='page_1' title='image "./quaestionesdehis00lotzuoft/quaestionesdehis00lotzuoft_0026.png"; bbox 0 0 1904 3216; ppageno 0'>
   <div class='ocr_carea' id='block_1_1' title="bbox 820 202 1102 242">
    <p class='ocr_par' dir='ltr' id='par_1_1' title="bbox 820 202 1102 242">
     <span class='ocr_line' id='line_1_1' title="bbox 820 202 1102 242; baseline 0.004 -12"><span class='ocrx_word' id='word_1_1' title='bbox 820 202 1102 242; x_wconf 72' lang='lat'>-18—</span> 
     </span>
    </p>
   </div>
   <div class='ocr_carea' id='block_1_2' title="bbox 191 312 1736 2372">
    <p class='ocr_par' dir='ltr' id='par_1_2' title="bbox 192 312 1734 583">
     <span class='ocr_line' id='line_1_2' title="bbox 200 312 1734 370; baseline 0.001 -16"><span class='ocrx_word' id='word_1_2' title='bbox 200 327 296 354; x_wconf 90' lang='lat' dir='ltr'><strong>meo</strong></span> <span class='ocrx_word' id='word_1_3' title='bbox 323 312 490 368; x_wconf 86' lang='lat' dir='ltr'><strong>judicio</strong></span> <span class='ocrx_word' id='word_1_4' title='bbox 531 313 603 353; x_wconf 90' lang='lat' dir='ltr'><strong>vix</strong></span> <span class='ocrx_word' id='word_1_5' title='bbox 642 319 784 367; x_wconf 91' lang='lat' dir='ltr'><strong>potest</strong></span> <span class='ocrx_word' id='word_1_6' title='bbox 823 312 1068 368; x_wconf 88' lang='lat' dir='ltr'><strong>excogitari.</strong></span> <span class='ocrx_word' id='word_1_7' title='bbox 1131 314 1177 355; x_wconf 87' lang='lat' dir='ltr'><strong>Si</strong></span> <span class='ocrx_word' id='word_1_8' title='bbox 1216 313 1312 368; x_wconf 88' lang='lat' dir='ltr'><strong>quis</strong></span> <span class='ocrx_word' id='word_1_9' title='bbox 1351 314 1521 355; x_wconf 90' lang='lat' dir='ltr'><strong>Lunam</strong></span> <span class='ocrx_word' id='word_1_10' title='bbox 1561 321 1603 356; x_wconf 90' lang='lat' dir='ltr'><strong>et</strong></span> <span class='ocrx_word' id='word_1_11' title='bbox 1641 314 1734 370; x_wconf 88' lang='lat' dir='ltr'><strong>ejus</strong></span> 
     </span>
     <span class='ocr_line' id='line_1_3' title="bbox 195 383 1730 441; baseline 0.002 -16"><span class='ocrx_word' id='word_1_12' title='bbox 195 384 311 426; x_wconf 91' lang='lat' dir='ltr'><strong>diem</strong></span> <span class='ocrx_word' id='word_1_13' title='bbox 339 384 530 439; x_wconf 90' lang='lat' dir='ltr'><strong>primum</strong></span> <span class='ocrx_word' id='word_1_14' title='bbox 560 383 703 425; x_wconf 91' lang='lat' dir='ltr'><strong>locum</strong></span> <span class='ocrx_word' id='word_1_15' title='bbox 733 390 879 425; x_wconf 90' lang='lat' dir='ltr'><strong>tenere</strong></span> <span class='ocrx_word' id='word_1_16' title='bbox 909 383 1047 438; x_wconf 79' lang='lat' dir='ltr'><strong>malit,</strong></span> <span class='ocrx_word' id='word_1_17' title='bbox 1083 385 1197 426; x_wconf 92' lang='lat' dir='ltr'><strong>diem</strong></span> <span class='ocrx_word' id='word_1_18' title='bbox 1236 384 1284 426; x_wconf 89' lang='lat' dir='ltr'><strong>in</strong></span> <span class='ocrx_word' id='word_1_19' title='bbox 1325 385 1550 441; x_wconf 78' lang='lat' dir='ltr'>sexaginta</span> <span class='ocrx_word' id='word_1_20' title='bbox 1589 393 1730 441; x_wconf 85' lang='lat' dir='ltr'><strong>partes</strong></span> 
     </span>
     <span class='ocr_line' id='line_1_4' title="bbox 193 454 1730 512; baseline 0.002 -16"><span class='ocrx_word' id='word_1_21' title='bbox 193 455 396 508; x_wconf 62' lang='lat' dir='ltr'><strong>dividam,</strong></span> <span class='ocrx_word' id='word_1_22' title='bbox 422 471 506 510; x_wconf 92' lang='lat' dir='ltr'><strong>quo</strong></span> <span class='ocrx_word' id='word_1_23' title='bbox 526 455 641 497; x_wconf 88' lang='lat' dir='ltr'><strong>facto</strong></span> <span class='ocrx_word' id='word_1_24' title='bbox 661 454 802 511; x_wconf 89' lang='lat' dir='ltr'><strong>prima</strong></span> <span class='ocrx_word' id='word_1_25' title='bbox 821 455 1005 511; x_wconf 86' lang='lat' dir='ltr'><strong>proximi</strong></span> <span class='ocrx_word' id='word_1_26' title='bbox 1025 456 1113 497; x_wconf 90' lang='lat' dir='ltr'><strong>diei</strong></span> <span class='ocrx_word' id='word_1_27' title='bbox 1134 470 1230 511; x_wconf 91' lang='lat' dir='ltr'><strong>pars</strong></span> <span class='ocrx_word' id='word_1_28' title='bbox 1259 463 1408 511; x_wconf 89' lang='lat' dir='ltr'><strong>quarto</strong></span> <span class='ocrx_word' id='word_1_29' title='bbox 1439 464 1538 512; x_wconf 90' lang='lat' dir='ltr'><strong>post</strong></span> <span class='ocrx_word' id='word_1_30' title='bbox 1557 458 1730 499; x_wconf 90' lang='lat' dir='ltr'><strong>Lunam</strong></span> 
     </span>
     <span class='ocr_line' id='line_1_5' title="bbox 192 526 974 583; baseline 0.003 -16"><span class='ocrx_word' id='word_1_31' title='bbox 192 527 404 582; x_wconf 77' lang='lat' dir='ltr'><strong>planetae,</strong></span> <span class='ocrx_word' id='word_1_32' title='bbox 440 527 486 570; x_wconf 91' lang='lat' dir='ltr'><strong>h.</strong></span> <span class='ocrx_word' id='word_1_33' title='bbox 513 541 549 568; x_wconf 92' lang='lat' dir='ltr'><strong>e.</strong></span> <span class='ocrx_word' id='word_1_34' title='bbox 584 526 730 581; x_wconf 82' lang='lat' dir='ltr'><strong>Marti,</strong></span> <span class='ocrx_word' id='word_1_35' title='bbox 765 527 974 583; x_wconf 89' lang='lat' dir='ltr'><strong>obtinget.</strong></span> 
     </span>
    </p>

    <p class='ocr_par' dir='ltr' id='par_1_3' title="bbox 191 599 1736 1371">
     <span class='ocr_line' id='line_1_6' title="bbox 306 599 1723 658; baseline 0 -17"><span class='ocrx_word' id='word_1_36' title='bbox 306 600 392 641; x_wconf 92' lang='lat' dir='ltr'><strong>Dio</strong></span> <span class='ocrx_word' id='word_1_37' title='bbox 423 599 540 652; x_wconf 82' lang='lat' dir='ltr'><strong>dicit,</strong></span> <span class='ocrx_word' id='word_1_38' title='bbox 577 599 702 641; x_wconf 90' lang='lat' dir='ltr'><strong>illum</strong></span> <span class='ocrx_word' id='word_1_39' title='bbox 722 600 994 655; x_wconf 88' lang='lat' dir='ltr'><strong>planetarum</strong></span> <span class='ocrx_word' id='word_1_40' title='bbox 1021 599 1216 642; x_wconf 86' lang='lat' dir='ltr'>ordinem</span> <span class='ocrx_word' id='word_1_41' title='bbox 1240 599 1285 656; x_wconf 61' lang='lat' dir='ltr'><strong>‘D</strong></span> <span class='ocrx_word' id='word_1_42' title='bbox 1311 600 1360 658; x_wconf 71' lang='lat'><strong>21.</strong></span> <span class='ocrx_word' id='word_1_43' title='bbox 1384 602 1437 655; x_wconf 62' lang='lat' dir='ltr'><strong>&amp;x</strong></span> <span class='ocrx_word' id='word_1_44' title='bbox 1459 601 1515 656; x_wconf 73' lang='grc' dir='ltr'>Θ</span> <span class='ocrx_word' id='word_1_45' title='bbox 1542 600 1582 655; x_wconf 79' lang='grc' dir='ltr'><strong>ῼ</strong></span> <span class='ocrx_word' id='word_1_46' title='bbox 1616 599 1651 656; x_wconf 60' lang='lat' dir='ltr'><strong>g}</strong></span> <span class='ocrx_word' id='word_1_47' title='bbox 1683 599 1723 657; x_wconf 60' lang='grc' dir='ltr'>ζ</span> 
     </span>
     <span class='ocr_line' id='line_1_7' title="bbox 193 670 1734 726; baseline 0.002 -15"><span class='ocrx_word' id='word_1_48' title='bbox 193 672 247 712; x_wconf 91' lang='lat' dir='ltr'><strong>ab</strong></span> <span class='ocrx_word' id='word_1_49' title='bbox 277 670 504 726; x_wconf 89' lang='lat' dir='ltr'><strong>Aegyptiis</strong></span> <span class='ocrx_word' id='word_1_50' title='bbox 536 685 627 713; x_wconf 88' lang='lat' dir='ltr'><strong>esse</strong></span> <span class='ocrx_word' id='word_1_51' title='bbox 658 671 966 725; x_wconf 81' lang='lat' dir='ltr'><strong>constitutum,</strong></span> <span class='ocrx_word' id='word_1_52' title='bbox 1009 672 1085 713; x_wconf 87' lang='lat' dir='ltr'><strong>sed</strong></span> <span class='ocrx_word' id='word_1_53' title='bbox 1124 685 1259 726; x_wconf 90' lang='lat' dir='ltr'><strong>quum</strong></span> <span class='ocrx_word' id='word_1_54' title='bbox 1296 671 1333 714; x_wconf 90' lang='lat' dir='ltr'><strong>is</strong></span> <span class='ocrx_word' id='word_1_55' title='bbox 1363 672 1410 713; x_wconf 90' lang='lat' dir='ltr'><strong>in</strong></span> <span class='ocrx_word' id='word_1_56' title='bbox 1439 673 1734 715; x_wconf 81' lang='lat' dir='ltr'>monumentis</span> 
     </span>
     <span class='ocr_line' id='line_1_8' title="bbox 194 742 1734 802; baseline 0.002 -19"><span class='ocrx_word' id='word_1_57' title='bbox 194 742 427 797; x_wconf 86' lang='lat' dir='ltr'><strong>aegyptiis,</strong></span> <span class='ocrx_word' id='word_1_58' title='bbox 473 750 685 802; x_wconf 89' lang='lat' dir='ltr'><strong>quantum</strong></span> <span class='ocrx_word' id='word_1_59' title='bbox 716 758 794 799; x_wconf 89' lang='lat' dir='ltr'><strong>ego</strong></span> <span class='ocrx_word' id='word_1_60' title='bbox 825 743 935 796; x_wconf 79' lang='lat' dir='ltr'><strong>scio,</strong></span> <span class='ocrx_word' id='word_1_61' title='bbox 979 757 1193 798; x_wconf 83' lang='lat' dir='ltr'><strong>nusquam</strong></span> <span class='ocrx_word' id='word_1_62' title='bbox 1223 742 1511 798; x_wconf 80' lang='lat' dir='ltr'><strong>inveniatur2,</strong></span> <span class='ocrx_word' id='word_1_63' title='bbox 1545 744 1734 786; x_wconf 88' lang='lat' dir='ltr'><strong>Dionem</strong></span> 
     </span>
     <span class='ocr_line' id='line_1_9' title="bbox 192 814 1734 871; baseline 0.001 -17"><span class='ocrx_word' id='word_1_64' title='bbox 192 828 282 854; x_wconf 91' lang='lat' dir='ltr'><strong>non</strong></span> <span class='ocrx_word' id='word_1_65' title='bbox 321 822 486 856; x_wconf 89' lang='lat' dir='ltr'><strong>veteres</strong></span> <span class='ocrx_word' id='word_1_66' title='bbox 526 816 777 871; x_wconf 74' lang='lat' dir='ltr'><strong>Aegyptios,</strong></span> <span class='ocrx_word' id='word_1_67' title='bbox 823 815 898 856; x_wconf 90' lang='lat' dir='ltr'><strong>sed</strong></span> <span class='ocrx_word' id='word_1_68' title='bbox 933 815 1167 869; x_wconf 80' lang='lat' dir='ltr'>astrologos</span> <span class='ocrx_word' id='word_1_69' title='bbox 1206 829 1380 871; x_wconf 89' lang='lat' dir='ltr'><strong>graecos</strong></span> <span class='ocrx_word' id='word_1_70' title='bbox 1414 814 1734 857; x_wconf 89' lang='lat' dir='ltr'><strong>Alexandrinos</strong></span> 
     </span>
     <span class='ocr_line' id='line_1_10' title="bbox 194 885 1735 942; baseline 0.001 -16"><span class='ocrx_word' id='word_1_71' title='bbox 194 885 336 927; x_wconf 85' lang='lat' dir='ltr'><strong>dicere</strong></span> <span class='ocrx_word' id='word_1_72' title='bbox 367 886 576 942; x_wconf 89' lang='lat' dir='ltr'><strong>suspicor.</strong></span> <span class='ocrx_word' id='word_1_73' title='bbox 638 887 946 928; x_wconf 85' lang='lat' dir='ltr'><strong>Hebdomades</strong></span> <span class='ocrx_word' id='word_1_74' title='bbox 977 886 1129 928; x_wconf 87' lang='lat' dir='ltr'><strong>saltem</strong></span> <span class='ocrx_word' id='word_1_75' title='bbox 1158 886 1362 942; x_wconf 81' lang='lat' dir='ltr'><strong>Aegyptii</strong></span> <span class='ocrx_word' id='word_1_76' title='bbox 1402 893 1515 928; x_wconf 85' lang='lat' dir='ltr'><strong>certe</strong></span> <span class='ocrx_word' id='word_1_77' title='bbox 1544 901 1633 928; x_wconf 91' lang='lat' dir='ltr'><strong>non</strong></span> <span class='ocrx_word' id='word_1_78' title='bbox 1664 887 1735 928; x_wconf 91' lang='lat' dir='ltr'><strong>in-</strong></span> 
     </span>
     <span class='ocr_line' id='line_1_11' title="bbox 194 955 1735 1014; baseline 0.001 -16"><span class='ocrx_word' id='word_1_79' title='bbox 194 957 442 1010; x_wconf 81' lang='lat' dir='ltr'><strong>stituerunt,</strong></span> <span class='ocrx_word' id='word_1_80' title='bbox 479 959 595 1013; x_wconf 92' lang='lat' dir='ltr'><strong>quod</strong></span> <span class='ocrx_word' id='word_1_81' title='bbox 624 958 710 1000; x_wconf 94' lang='lat' dir='ltr'><strong>Dio</strong></span> <span class='ocrx_word' id='word_1_82' title='bbox 742 959 854 1012; x_wconf 85' lang='lat' dir='ltr'><strong>vult,</strong></span> <span class='ocrx_word' id='word_1_83' title='bbox 897 972 1000 1000; x_wconf 90' lang='lat' dir='ltr'><strong>nam</strong></span> <span class='ocrx_word' id='word_1_84' title='bbox 1029 959 1083 1000; x_wconf 91' lang='lat' dir='ltr'><strong>ab</strong></span> <span class='ocrx_word' id='word_1_85' title='bbox 1114 957 1167 999; x_wconf 90' lang='lat' dir='ltr'><strong>iis</strong></span> <span class='ocrx_word' id='word_1_86' title='bbox 1196 957 1391 1012; x_wconf 81' lang='lat' dir='ltr'><strong>planetas</strong></span> <span class='ocrx_word' id='word_1_87' title='bbox 1422 958 1575 1000; x_wconf 91' lang='lat' dir='ltr'><strong>diebus</strong></span> <span class='ocrx_word' id='word_1_88' title='bbox 1609 955 1735 1014; x_wconf 84' lang='lat' dir='ltr'><strong>prae-</strong></span> 
     </span>
     <span class='ocr_line' id='line_1_12' title="bbox 192 1029 1734 1085; baseline 0.001 -15"><span class='ocrx_word' id='word_1_89' title='bbox 192 1029 326 1071; x_wconf 84' lang='lat' dir='ltr'><strong>fectos</strong></span> <span class='ocrx_word' id='word_1_90' title='bbox 357 1044 450 1071; x_wconf 90' lang='lat' dir='ltr'><strong>esse</strong></span> <span class='ocrx_word' id='word_1_91' title='bbox 480 1030 774 1071; x_wconf 77' lang='lat' dir='ltr'><strong>monumentis</strong></span> <span class='ocrx_word' id='word_1_92' title='bbox 804 1030 1059 1084; x_wconf 87' lang='lat' dir='ltr'><strong>neutiquam</strong></span> <span class='ocrx_word' id='word_1_93' title='bbox 1088 1031 1308 1085; x_wconf 72' lang='lat' dir='ltr'><strong>probatur,</strong></span> <span class='ocrx_word' id='word_1_94' title='bbox 1354 1036 1397 1072; x_wconf 88' lang='lat' dir='ltr'><strong>et</strong></span> <span class='ocrx_word' id='word_1_95' title='bbox 1429 1029 1506 1070; x_wconf 92' lang='lat' dir='ltr'><strong>ubi</strong></span> <span class='ocrx_word' id='word_1_96' title='bbox 1534 1029 1734 1085; x_wconf 87' lang='lat' dir='ltr'><strong>planetae</strong></span> 
     </span>
     <span class='ocr_line' id='line_1_13' title="bbox 193 1100 1734 1156; baseline 0.001 -15"><span class='ocrx_word' id='word_1_97' title='bbox 193 1100 240 1141; x_wconf 93' lang='lat' dir='ltr'><strong>in</strong></span> <span class='ocrx_word' id='word_1_98' title='bbox 272 1100 334 1143; x_wconf 89' lang='lat' dir='ltr'><strong>eis</strong></span> <span class='ocrx_word' id='word_1_99' title='bbox 365 1108 608 1155; x_wconf 81' lang='lat' dir='ltr'><strong>occurrunt,</strong></span> <span class='ocrx_word' id='word_1_100' title='bbox 643 1101 834 1156; x_wconf 90' lang='lat' dir='ltr'><strong>quinque</strong></span> <span class='ocrx_word' id='word_1_101' title='bbox 864 1108 1036 1143; x_wconf 92' lang='lat' dir='ltr'><strong>tantum</strong></span> <span class='ocrx_word' id='word_1_102' title='bbox 1065 1116 1246 1143; x_wconf 89' lang='lat' dir='ltr'><strong>numero</strong></span> <span class='ocrx_word' id='word_1_103' title='bbox 1278 1107 1404 1156; x_wconf 74' lang='lat' dir='ltr'><strong>sunt,</strong></span> <span class='ocrx_word' id='word_1_104' title='bbox 1440 1101 1528 1143; x_wconf 87' lang='lat' dir='ltr'><strong>sole</strong></span> <span class='ocrx_word' id='word_1_105' title='bbox 1558 1107 1601 1143; x_wconf 91' lang='lat' dir='ltr'><strong>et</strong></span> <span class='ocrx_word' id='word_1_106' title='bbox 1628 1101 1734 1142; x_wconf 85' lang='lat' dir='ltr'><strong>luna</strong></span> 
     </span>
     <span class='ocr_line' id='line_1_14' title="bbox 193 1171 1736 1229; baseline 0.001 -16"><span class='ocrx_word' id='word_1_107' title='bbox 193 1172 377 1225; x_wconf 83' lang='lat' dir='ltr'><strong>omissis,</strong></span> <span class='ocrx_word' id='word_1_108' title='bbox 412 1188 496 1227; x_wconf 93' lang='lat' dir='ltr'><strong>qua</strong></span> <span class='ocrx_word' id='word_1_109' title='bbox 526 1173 579 1214; x_wconf 89' lang='lat' dir='ltr'><strong>de</strong></span> <span class='ocrx_word' id='word_1_110' title='bbox 609 1187 747 1225; x_wconf 81' lang='lat' dir='ltr'><strong>causa,</strong></span> <span class='ocrx_word' id='word_1_111' title='bbox 785 1188 918 1227; x_wconf 92' lang='lat' dir='ltr'><strong>quum</strong></span> <span class='ocrx_word' id='word_1_112' title='bbox 938 1173 1143 1229; x_wconf 83' lang='lat' dir='ltr'><strong>Aegyptii</strong></span> <span class='ocrx_word' id='word_1_113' title='bbox 1183 1173 1244 1227; x_wconf 91' lang='lat' dir='ltr'><strong>(ut</strong></span> <span class='ocrx_word' id='word_1_114' title='bbox 1273 1187 1401 1228; x_wconf 85' lang='lat' dir='ltr'><strong>supra</strong></span> <span class='ocrx_word' id='word_1_115' title='bbox 1431 1171 1536 1227; x_wconf 85' lang='lat' dir='ltr'><strong>dixi)</strong></span> <span class='ocrx_word' id='word_1_116' title='bbox 1563 1172 1736 1214; x_wconf 87' lang='lat' dir='ltr'><strong>decadi-</strong></span> 
     </span>
     <span class='ocr_line' id='line_1_15' title="bbox 191 1243 1734 1299; baseline 0 -15"><span class='ocrx_word' id='word_1_117' title='bbox 191 1245 289 1296; x_wconf 81' lang='lat' dir='ltr'><strong>bus,</strong></span> <span class='ocrx_word' id='word_1_118' title='bbox 323 1258 413 1285; x_wconf 92' lang='lat' dir='ltr'><strong>non</strong></span> <span class='ocrx_word' id='word_1_119' title='bbox 442 1244 786 1286; x_wconf 85' lang='lat' dir='ltr'><strong>hebdomadibus</strong></span> <span class='ocrx_word' id='word_1_120' title='bbox 817 1244 985 1286; x_wconf 90' lang='lat' dir='ltr'><strong>dierum</strong></span> <span class='ocrx_word' id='word_1_121' title='bbox 1015 1245 1085 1287; x_wconf 89' lang='lat' dir='ltr'><strong>usi</strong></span> <span class='ocrx_word' id='word_1_122' title='bbox 1116 1245 1219 1298; x_wconf 83' lang='lat' dir='ltr'><strong>sint,</strong></span> <span class='ocrx_word' id='word_1_123' title='bbox 1254 1244 1398 1299; x_wconf 90' lang='lat' dir='ltr'><strong>aptius</strong></span> <span class='ocrx_word' id='word_1_124' title='bbox 1420 1245 1516 1299; x_wconf 91' lang='lat' dir='ltr'><strong>quis</strong></span> <span class='ocrx_word' id='word_1_125' title='bbox 1537 1243 1734 1286; x_wconf 86' lang='lat' dir='ltr'><strong>arbitrari</strong></span> 
     </span>
     <span class='ocr_line' id='line_1_16' title="bbox 191 1314 1655 1371; baseline 0.001 -16"><span class='ocrx_word' id='word_1_126' title='bbox 191 1314 340 1369; x_wconf 80' lang='lat' dir='ltr'><strong>possit,</strong></span> <span class='ocrx_word' id='word_1_127' title='bbox 376 1330 448 1356; x_wconf 90' lang='lat' dir='ltr'><strong>eos</strong></span> <span class='ocrx_word' id='word_1_128' title='bbox 479 1315 604 1357; x_wconf 90' lang='lat' dir='ltr'><strong>binos</strong></span> <span class='ocrx_word' id='word_1_129' title='bbox 636 1315 807 1358; x_wconf 88' lang='lat' dir='ltr'><strong>decadis</strong></span> <span class='ocrx_word' id='word_1_130' title='bbox 839 1315 931 1358; x_wconf 89' lang='lat' dir='ltr'><strong>dies</strong></span> <span class='ocrx_word' id='word_1_131' title='bbox 961 1315 1146 1371; x_wconf 86' lang='lat' dir='ltr'><strong>singulis</strong></span> <span class='ocrx_word' id='word_1_132' title='bbox 1176 1315 1362 1371; x_wconf 89' lang='lat' dir='ltr'><strong>planetis</strong></span> <span class='ocrx_word' id='word_1_133' title='bbox 1391 1315 1655 1358; x_wconf 87' lang='lat' dir='ltr'><strong>attribuisse.</strong></span> 
     </span>
    </p>

    <p class='ocr_par' dir='ltr' id='par_1_4' title="bbox 192 1386 1736 1943">
     <span class='ocr_line' id='line_1_17' title="bbox 307 1386 1734 1443; baseline 0 -15"><span class='ocrx_word' id='word_1_134' title='bbox 307 1387 440 1428; x_wconf 89' lang='lat' dir='ltr'><strong>Illum</strong></span> <span class='ocrx_word' id='word_1_135' title='bbox 483 1387 756 1442; x_wconf 89' lang='lat' dir='ltr'><strong>planetarum</strong></span> <span class='ocrx_word' id='word_1_136' title='bbox 802 1388 997 1429; x_wconf 89' lang='lat' dir='ltr'><strong>ordinem</strong></span> <span class='ocrx_word' id='word_1_137' title='bbox 1042 1402 1170 1443; x_wconf 87' lang='lat' dir='ltr'><strong>supra</strong></span> <span class='ocrx_word' id='word_1_138' title='bbox 1210 1387 1300 1428; x_wconf 87' lang='lat' dir='ltr'><strong>dixi</strong></span> <span class='ocrx_word' id='word_1_139' title='bbox 1334 1386 1426 1441; x_wconf 89' lang='lat' dir='ltr'><strong>jam</strong></span> <span class='ocrx_word' id='word_1_140' title='bbox 1465 1386 1734 1442; x_wconf 85' lang='lat' dir='ltr'><strong>Pythagorae</strong></span> 
     </span>
     <span class='ocr_line' id='line_1_18' title="bbox 192 1456 1730 1514; baseline 0 -15"><span class='ocrx_word' id='word_1_141' title='bbox 192 1457 350 1499; x_wconf 88' lang='lat' dir='ltr'><strong>fuisse:</strong></span> <span class='ocrx_word' id='word_1_142' title='bbox 396 1466 492 1513; x_wconf 90' lang='lat' dir='ltr'><strong>post</strong></span> <span class='ocrx_word' id='word_1_143' title='bbox 530 1456 630 1500; x_wconf 82' lang='lat' dir='ltr'><strong>eum</strong></span> <span class='ocrx_word' id='word_1_144' title='bbox 669 1458 745 1500; x_wconf 89' lang='lat' dir='ltr'><strong>alii</strong></span> <span class='ocrx_word' id='word_1_145' title='bbox 775 1459 899 1500; x_wconf 89' lang='lat' dir='ltr'><strong>aliter</strong></span> <span class='ocrx_word' id='word_1_146' title='bbox 931 1459 1127 1514; x_wconf 85' lang='lat' dir='ltr'><strong>planetas</strong></span> <span class='ocrx_word' id='word_1_147' title='bbox 1167 1458 1385 1501; x_wconf 87' lang='lat' dir='ltr'><strong>ordinatos</strong></span> <span class='ocrx_word' id='word_1_148' title='bbox 1423 1464 1687 1513; x_wconf 87' lang='lat' dir='ltr'><strong>putaverunt</strong></span> <span class='ocrx_word' id='word_1_149' title='bbox 1699 1459 1730 1507; x_wconf 78' lang='grc'><strong>3,</strong></span> 
     </span>
     <span class='ocr_line' id='line_1_19' title="bbox 194 1530 1734 1586; baseline -0.001 -15"><span class='ocrx_word' id='word_1_150' title='bbox 194 1536 236 1571; x_wconf 90' lang='lat' dir='ltr'><strong>et</strong></span> <span class='ocrx_word' id='word_1_151' title='bbox 283 1545 361 1585; x_wconf 91' lang='lat' dir='ltr'><strong>per</strong></span> <span class='ocrx_word' id='word_1_152' title='bbox 409 1530 645 1586; x_wconf 87' lang='lat' dir='ltr'><strong>astrologos</strong></span> <span class='ocrx_word' id='word_1_153' title='bbox 703 1530 1020 1573; x_wconf 89' lang='lat' dir='ltr'><strong>Alexandrinos</strong></span> <span class='ocrx_word' id='word_1_154' title='bbox 1080 1531 1255 1572; x_wconf 91' lang='lat' dir='ltr'><strong>demum</strong></span> <span class='ocrx_word' id='word_1_155' title='bbox 1313 1530 1477 1572; x_wconf 88' lang='lat' dir='ltr'><strong>factum</strong></span> <span class='ocrx_word' id='word_1_156' title='bbox 1535 1536 1620 1582; x_wconf 83' lang='lat' dir='ltr'><strong>est,</strong></span> <span class='ocrx_word' id='word_1_157' title='bbox 1684 1535 1734 1570; x_wconf 92' lang='lat' dir='ltr'><strong>ut</strong></span> 
     </span>
     <span class='ocr_line' id='line_1_20' title="bbox 192 1601 1734 1656; baseline 0 -14"><span class='ocrx_word' id='word_1_158' title='bbox 192 1601 265 1642; x_wconf 91' lang='lat' dir='ltr'><strong>ille</strong></span> <span class='ocrx_word' id='word_1_159' title='bbox 310 1603 412 1643; x_wconf 90' lang='lat' dir='ltr'><strong>ordo</strong></span> <span class='ocrx_word' id='word_1_160' title='bbox 457 1602 638 1644; x_wconf 87' lang='lat' dir='ltr'><strong>Graecis</strong></span> <span class='ocrx_word' id='word_1_161' title='bbox 684 1602 885 1644; x_wconf 91' lang='lat' dir='ltr'><strong>omnibus</strong></span> <span class='ocrx_word' id='word_1_162' title='bbox 930 1609 973 1644; x_wconf 91' lang='lat' dir='ltr'><strong>et</strong></span> <span class='ocrx_word' id='word_1_163' title='bbox 1017 1602 1224 1644; x_wconf 87' lang='lat' dir='ltr'><strong>Romanis</strong></span> <span class='ocrx_word' id='word_1_164' title='bbox 1269 1607 1498 1644; x_wconf 88' lang='lat' dir='ltr'><strong>constaret.</strong></span> <span class='ocrx_word' id='word_1_165' title='bbox 1580 1602 1734 1656; x_wconf 87' lang='lat' dir='ltr'><strong>Itaque</strong></span> 
     </span>
     <span class='ocr_line' id='line_1_21' title="bbox 192 1671 1730 1716; baseline -0.001 -2"><span class='ocrx_word' id='word_1_166' title='bbox 192 1673 371 1714; x_wconf 87' lang='lat' dir='ltr'><strong>nomina</strong></span> <span class='ocrx_word' id='word_1_167' title='bbox 411 1673 578 1715; x_wconf 86' lang='lat' dir='ltr'><strong>dierum</strong></span> <span class='ocrx_word' id='word_1_168' title='bbox 619 1674 868 1715; x_wconf 82' lang='lat' dir='ltr'><strong>etiamnunc</strong></span> <span class='ocrx_word' id='word_1_169' title='bbox 905 1674 1066 1716; x_wconf 89' lang='lat' dir='ltr'><strong>usitata</strong></span> <span class='ocrx_word' id='word_1_170' title='bbox 1100 1688 1191 1716; x_wconf 90' lang='lat' dir='ltr'><strong>non</strong></span> <span class='ocrx_word' id='word_1_171' title='bbox 1220 1673 1281 1715; x_wconf 83' lang='lat' dir='ltr'><strong>it&#39;a</strong></span> <span class='ocrx_word' id='word_1_172' title='bbox 1318 1673 1457 1715; x_wconf 92' lang='lat' dir='ltr'><strong>multo</strong></span> <span class='ocrx_word' id='word_1_173' title='bbox 1496 1678 1597 1713; x_wconf 90' lang='lat' dir='ltr'><strong>ante</strong></span> <span class='ocrx_word' id='word_1_174' title='bbox 1629 1671 1730 1713; x_wconf 87' lang='lat' dir='ltr'><strong>Chr.</strong></span> 
     </span>
     <span class='ocr_line' id='line_1_22' title="bbox 192 1745 1736 1801; baseline 0.001 -15"><span class='ocrx_word' id='word_1_175' title='bbox 192 1751 281 1786; x_wconf 90' lang='lat' dir='ltr'><strong>nat.</strong></span> <span class='ocrx_word' id='word_1_176' title='bbox 317 1751 392 1786; x_wconf 89' lang='lat' dir='ltr'><strong>aut</strong></span> <span class='ocrx_word' id='word_1_177' title='bbox 421 1745 598 1787; x_wconf 89' lang='lat' dir='ltr'><strong>inventa</strong></span> <span class='ocrx_word' id='word_1_178' title='bbox 628 1752 704 1787; x_wconf 87' lang='lat' dir='ltr'><strong>aut</strong></span> <span class='ocrx_word' id='word_1_179' title='bbox 734 1760 787 1786; x_wconf 90' lang='lat' dir='ltr'><strong>ex</strong></span> <span class='ocrx_word' id='word_1_180' title='bbox 816 1745 949 1787; x_wconf 88' lang='lat' dir='ltr'><strong>altero</strong></span> <span class='ocrx_word' id='word_1_181' title='bbox 979 1745 1234 1800; x_wconf 87' lang='lat' dir='ltr'><strong>astrologiae</strong></span> <span class='ocrx_word' id='word_1_182' title='bbox 1265 1745 1502 1799; x_wconf 85' lang='lat' dir='ltr'><strong>domicilio,</strong></span> <span class='ocrx_word' id='word_1_183' title='bbox 1547 1745 1736 1801; x_wconf 90' lang='lat' dir='ltr'><strong>Babylo-</strong></span> 
     </span>
     <span class='ocr_line' id='line_1_23' title="bbox 192 1816 1736 1872; baseline 0.001 -15"><span class='ocrx_word' id='word_1_184' title='bbox 192 1816 311 1857; x_wconf 87' lang='lat' dir='ltr'><strong>niam</strong></span> <span class='ocrx_word' id='word_1_185' title='bbox 342 1816 462 1869; x_wconf 79' lang='lat' dir='ltr'><strong>dico‚</strong></span> <span class='ocrx_word' id='word_1_186' title='bbox 506 1817 553 1858; x_wconf 91' lang='lat' dir='ltr'><strong>in</strong></span> <span class='ocrx_word' id='word_1_187' title='bbox 583 1817 813 1872; x_wconf 89' lang='lat' dir='ltr'><strong>imperium</strong></span> <span class='ocrx_word' id='word_1_188' title='bbox 843 1818 1091 1858; x_wconf 87' lang='lat' dir='ltr'><strong>Romanum</strong></span> <span class='ocrx_word' id='word_1_189' title='bbox 1120 1816 1326 1858; x_wconf 89' lang='lat' dir='ltr'><strong>translata</strong></span> <span class='ocrx_word' id='word_1_190' title='bbox 1364 1831 1458 1858; x_wconf 89' lang='lat' dir='ltr'><strong>esse</strong></span> <span class='ocrx_word' id='word_1_191' title='bbox 1493 1816 1604 1858; x_wconf 87' lang='lat' dir='ltr'><strong>mihi</strong></span> <span class='ocrx_word' id='word_1_192' title='bbox 1637 1830 1736 1871; x_wconf 88' lang='lat' dir='ltr'><strong>per-</strong></span> 
     </span>
     <span class='ocr_line' id='line_1_24' title="bbox 194 1887 1626 1943; baseline 0 -14"><span class='ocrx_word' id='word_1_193' title='bbox 194 1902 371 1930; x_wconf 89' lang='lat' dir='ltr'><strong>suasum</strong></span> <span class='ocrx_word' id='word_1_194' title='bbox 402 1895 480 1930; x_wconf 89' lang='lat' dir='ltr'><strong>est.</strong></span> <span class='ocrx_word' id='word_1_195' title='bbox 543 1890 611 1931; x_wconf 92' lang='lat' dir='ltr'><strong>De</strong></span> <span class='ocrx_word' id='word_1_196' title='bbox 640 1890 768 1930; x_wconf 91' lang='lat' dir='ltr'><strong>rebus</strong></span> <span class='ocrx_word' id='word_1_197' title='bbox 799 1894 944 1929; x_wconf 92' lang='lat' dir='ltr'><strong>autem</strong></span> <span class='ocrx_word' id='word_1_198' title='bbox 975 1887 1229 1943; x_wconf 86' lang='lat' dir='ltr'><strong>Babyloniis</strong></span> <span class='ocrx_word' id='word_1_199' title='bbox 1258 1893 1406 1942; x_wconf 87' lang='lat' dir='ltr'><strong>postea</strong></span> <span class='ocrx_word' id='word_1_200' title='bbox 1436 1902 1626 1943; x_wconf 88' lang='lat' dir='ltr'><strong>agemus.</strong></span> 
     </span>
    </p>

    <p class='ocr_par' dir='ltr' id='par_1_5' title="bbox 193 1957 1735 2372">
     <span class='ocr_line' id='line_1_25' title="bbox 307 1957 1735 2015; baseline 0 -16"><span class='ocrx_word' id='word_1_201' title='bbox 307 1959 432 2002; x_wconf 85' lang='lat' dir='ltr'><strong>Illius</strong></span> <span class='ocrx_word' id='word_1_202' title='bbox 461 1959 744 2002; x_wconf 91' lang='lat' dir='ltr'><strong>hebdomadis</strong></span> <span class='ocrx_word' id='word_1_203' title='bbox 784 1974 839 2002; x_wconf 89' lang='lat' dir='ltr'><strong>ex</strong></span> <span class='ocrx_word' id='word_1_204' title='bbox 875 1957 1105 2015; x_wconf 87' lang='lat' dir='ltr'><strong>astrologia</strong></span> <span class='ocrx_word' id='word_1_205' title='bbox 1141 1965 1321 2011; x_wconf 82' lang='lat' dir='ltr'><strong>sumtae,</strong></span> <span class='ocrx_word' id='word_1_206' title='bbox 1357 1959 1594 2014; x_wconf 87' lang='lat' dir='ltr'><strong>primorum</strong></span> <span class='ocrx_word' id='word_1_207' title='bbox 1625 1958 1735 2000; x_wconf 86' lang='lat' dir='ltr'><strong>Cae-</strong></span> 
     </span>
     <span class='ocr_line' id='line_1_26' title="bbox 194 2030 1735 2087; baseline -0.001 -15"><span class='ocrx_word' id='word_1_208' title='bbox 194 2045 337 2072; x_wconf 83' lang='lat' dir='ltr'><strong>sarum</strong></span> <span class='ocrx_word' id='word_1_209' title='bbox 375 2038 569 2087; x_wconf 88' lang='lat' dir='ltr'><strong>tempore</strong></span> <span class='ocrx_word' id='word_1_210' title='bbox 607 2039 761 2085; x_wconf 85' lang='lat' dir='ltr'><strong>notae,</strong></span> <span class='ocrx_word' id='word_1_211' title='bbox 803 2031 1011 2074; x_wconf 91' lang='lat' dir='ltr'><strong>memoria</strong></span> <span class='ocrx_word' id='word_1_212' title='bbox 1048 2030 1230 2073; x_wconf 88' lang='lat' dir='ltr'><strong>saeculis</strong></span> <span class='ocrx_word' id='word_1_213' title='bbox 1275 2030 1582 2086; x_wconf 90' lang='lat' dir='ltr'><strong>posterioribus</strong></span> <span class='ocrx_word' id='word_1_214' title='bbox 1622 2035 1735 2071; x_wconf 88' lang='lat' dir='ltr'><strong>certe</strong></span> 
     </span>
     <span class='ocr_line' id='line_1_27' title="bbox 195 2101 1735 2156; baseline -0.001 -13"><span class='ocrx_word' id='word_1_215' title='bbox 195 2102 408 2144; x_wconf 88' lang='lat' dir='ltr'><strong>exstincta</strong></span> <span class='ocrx_word' id='word_1_216' title='bbox 440 2109 564 2156; x_wconf 85' lang='lat' dir='ltr'><strong>esset,</strong></span> <span class='ocrx_word' id='word_1_217' title='bbox 598 2101 685 2144; x_wconf 91' lang='lat' dir='ltr'><strong>nisi</strong></span> <span class='ocrx_word' id='word_1_218' title='bbox 716 2115 780 2155; x_wconf 89' lang='lat' dir='ltr'><strong>e0,</strong></span> <span class='ocrx_word' id='word_1_219' title='bbox 815 2103 931 2156; x_wconf 93' lang='lat' dir='ltr'><strong>quod</strong></span> <span class='ocrx_word' id='word_1_220' title='bbox 962 2102 1054 2144; x_wconf 91' lang='lat' dir='ltr'><strong>dies</strong></span> <span class='ocrx_word' id='word_1_221' title='bbox 1086 2102 1197 2144; x_wconf 88' lang='lat' dir='ltr'><strong>Solis</strong></span> <span class='ocrx_word' id='word_1_222' title='bbox 1228 2118 1254 2145; x_wconf 87' lang='lat' dir='ltr'><strong>a</strong></span> <span class='ocrx_word' id='word_1_223' title='bbox 1275 2101 1532 2144; x_wconf 87' lang='lat' dir='ltr'><strong>Christianis</strong></span> <span class='ocrx_word' id='word_1_224' title='bbox 1562 2107 1735 2156; x_wconf 88' lang='lat' dir='ltr'><strong>propter</strong></span> 
     </span>
     <span class='ocr_line' id='line_1_28' title="bbox 193 2171 1735 2225; baseline -0.001 -11"><span class='ocrx_word' id='word_1_225' title='bbox 193 2174 535 2216; x_wconf 88' lang='lat' dir='ltr'><strong>recordationem</strong></span> <span class='ocrx_word' id='word_1_226' title='bbox 580 2173 909 2215; x_wconf 88' lang='lat' dir='ltr'><strong>resurrectionis</strong></span> <span class='ocrx_word' id='word_1_227' title='bbox 950 2173 1114 2216; x_wconf 84' lang='lat' dir='ltr'><strong>Christi</strong></span> <span class='ocrx_word' id='word_1_228' title='bbox 1153 2173 1448 2216; x_wconf 87' lang='lat' dir='ltr'><strong>celebrabatur</strong></span> <span class='ocrx_word' id='word_1_229' title='bbox 1460 2174 1488 2225; x_wconf 70' lang='lat'><strong>⁴,</strong></span> <span class='ocrx_word' id='word_1_230' title='bbox 1535 2171 1735 2213; x_wconf 87' lang='lat' dir='ltr'><strong>effectum</strong></span> 
     </span>
     <span class='ocr_line' id='line_1_29' title="bbox 196 2242 1735 2301; baseline -0.001 -15"><span class='ocrx_word' id='word_1_231' title='bbox 196 2252 323 2299; x_wconf 80' lang='lat' dir='ltr'><strong>esset,</strong></span> <span class='ocrx_word' id='word_1_232' title='bbox 356 2252 406 2287; x_wconf 88' lang='lat' dir='ltr'><strong>ut</strong></span> <span class='ocrx_word' id='word_1_233' title='bbox 435 2246 552 2300; x_wconf 90' lang='lat' dir='ltr'><strong>apud</strong></span> <span class='ocrx_word' id='word_1_234' title='bbox 580 2246 762 2301; x_wconf 90' lang='lat' dir='ltr'><strong>populos</strong></span> <span class='ocrx_word' id='word_1_235' title='bbox 793 2246 848 2287; x_wconf 91' lang='lat' dir='ltr'><strong>ad</strong></span> <span class='ocrx_word' id='word_1_236' title='bbox 870 2245 1033 2287; x_wconf 88' lang='lat' dir='ltr'><strong>Christi</strong></span> <span class='ocrx_word' id='word_1_237' title='bbox 1062 2245 1194 2287; x_wconf 91' lang='lat' dir='ltr'><strong>fidem</strong></span> <span class='ocrx_word' id='word_1_238' title='bbox 1214 2258 1438 2287; x_wconf 89' lang='lat' dir='ltr'><strong>conversos</strong></span> <span class='ocrx_word' id='word_1_239' title='bbox 1458 2257 1607 2285; x_wconf 92' lang='lat' dir='ltr'><strong>omnes</strong></span> <span class='ocrx_word' id='word_1_240' title='bbox 1626 2242 1735 2285; x_wconf 91' lang='lat' dir='ltr'><strong>heb-</strong></span> 
     </span>
     <span class='ocr_line' id='line_1_30' title="bbox 196 2315 1735 2372; baseline -0.001 -14"><span class='ocrx_word' id='word_1_241' title='bbox 196 2316 392 2359; x_wconf 90' lang='lat' dir='ltr'><strong>domadis</strong></span> <span class='ocrx_word' id='word_1_242' title='bbox 421 2331 525 2359; x_wconf 90' lang='lat' dir='ltr'><strong>usus</strong></span> <span class='ocrx_word' id='word_1_243' title='bbox 554 2317 755 2372; x_wconf 92' lang='lat' dir='ltr'><strong>publicus</strong></span> <span class='ocrx_word' id='word_1_244' title='bbox 785 2318 919 2359; x_wconf 90' lang='lat' dir='ltr'><strong>fieret.</strong></span> <span class='ocrx_word' id='word_1_245' title='bbox 975 2315 1214 2359; x_wconf 85' lang='lat' dir='ltr'><strong>Christiani</strong></span> <span class='ocrx_word' id='word_1_246' title='bbox 1242 2315 1449 2358; x_wconf 91' lang='lat' dir='ltr'><strong>nimirum</strong></span> <span class='ocrx_word' id='word_1_247' title='bbox 1480 2329 1572 2356; x_wconf 91' lang='lat' dir='ltr'><strong>non</strong></span> <span class='ocrx_word' id='word_1_248' title='bbox 1597 2321 1735 2357; x_wconf 88' lang='lat' dir='ltr'><strong>astro-</strong></span> 
     </span>
    </p>
   </div>
   <div class='ocr_carea' id='block_1_3' title="bbox 198 2399 467 2405">
    <p class='ocr_par' dir='ltr' id='par_1_6' title="bbox 198 2399 467 2405">
     <span class='ocr_line' id='line_1_31' title="bbox 198 2399 467 2405; baseline 0 0"><span class='ocrx_word' id='word_1_249' title='bbox 198 2399 467 2405; x_wconf 95' lang='lat' dir='ltr'><strong> </strong></span> 
     </span>
    </p>
   </div>
   <div class='ocr_carea' id='block_1_4' title="bbox 195 2435 1730 2878">
    <p class='ocr_par' dir='ltr' id='par_1_7' title="bbox 202 2435 1730 2541">
     <span class='ocr_line' id='line_1_32' title="bbox 291 2435 1730 2483; baseline 0 -13"><span class='ocrx_word' id='word_1_250' title='bbox 291 2438 321 2479; x_wconf 89' lang='lat'><strong>1)</strong></span> <span class='ocrx_word' id='word_1_251' title='bbox 350 2435 459 2474; x_wconf 83' lang='lat' dir='ltr'><strong>Quod</strong></span> <span class='ocrx_word' id='word_1_252' title='bbox 498 2448 768 2483; x_wconf 87' lang='lat' dir='ltr'><strong>nonnumquam</strong></span> <span class='ocrx_word' id='word_1_253' title='bbox 806 2436 848 2471; x_wconf 85' lang='lat' dir='ltr'><strong>fit</strong></span> <span class='ocrx_word' id='word_1_254' title='bbox 875 2436 973 2483; x_wconf 88' lang='lat' dir='ltr'><strong>apud</strong></span> <span class='ocrx_word' id='word_1_255' title='bbox 1001 2435 1126 2473; x_wconf 85' lang='lat' dir='ltr'><strong>astrol.</strong></span> <span class='ocrx_word' id='word_1_256' title='bbox 1158 2436 1329 2478; x_wconf 85' lang='lat' dir='ltr'><strong>Graecos,</strong></span> <span class='ocrx_word' id='word_1_257' title='bbox 1367 2435 1568 2482; x_wconf 82' lang='lat' dir='ltr'><strong>Aegyptios</strong></span> <span class='ocrx_word' id='word_1_258' title='bbox 1600 2435 1730 2481; x_wconf 88' lang='lat' dir='ltr'><strong>(Leps.‚</strong></span> 
     </span>
     <span class='ocr_line' id='line_1_33' title="bbox 202 2492 1730 2541; baseline -0.001 -14"><span class='ocrx_word' id='word_1_259' title='bbox 202 2493 331 2528; x_wconf 61' lang='lat' dir='ltr'><strong>Clu-on.</strong></span> <span class='ocrx_word' id='word_1_260' title='bbox 349 2493 410 2527; x_wconf 76' lang='lat' dir='ltr'><strong>der</strong></span> <span class='ocrx_word' id='word_1_261' title='bbox 425 2496 525 2541; x_wconf 65' lang='lat' dir='ltr'><strong>Aey„</strong></span> <span class='ocrx_word' id='word_1_262' title='bbox 551 2495 640 2538; x_wconf 75' lang='lat'><strong>128),</strong></span> <span class='ocrx_word' id='word_1_263' title='bbox 669 2493 903 2541; x_wconf 83' lang='lat' dir='ltr'><strong>Babylonios,</strong></span> <span class='ocrx_word' id='word_1_264' title='bbox 923 2493 1037 2528; x_wconf 86' lang='lat' dir='ltr'><strong>Indos</strong></span> <span class='ocrx_word' id='word_1_265' title='bbox 1056 2493 1218 2537; x_wconf 84' lang='lat' dir='ltr'><strong>(Lassen,</strong></span> <span class='ocrx_word' id='word_1_266' title='bbox 1239 2493 1322 2527; x_wconf 67' lang='lat' dir='ltr'><strong>Iud.</strong></span> <span class='ocrx_word' id='word_1_267' title='bbox 1339 2492 1582 2535; x_wconf 64' lang='lat' dir='ltr'><strong>Altertumsk„</strong></span> <span class='ocrx_word' id='word_1_268' title='bbox 1600 2492 1620 2526; x_wconf 93' lang='lat' dir='ltr'>I</span> <span class='ocrx_word' id='word_1_269' title='bbox 1637 2493 1730 2534; x_wconf 86' lang='lat'>985).</span> 
     </span>
    </p>

    <p class='ocr_par' dir='ltr' id='par_1_8' title="bbox 287 2549 965 2597">
     <span class='ocr_line' id='line_1_34' title="bbox 287 2549 965 2597; baseline 0.006 -14"><span class='ocrx_word' id='word_1_270' title='bbox 287 2551 318 2592; x_wconf 87' lang='lat'><strong>2)</strong></span> <span class='ocrx_word' id='word_1_271' title='bbox 347 2549 401 2584; x_wconf 82' lang='lat' dir='ltr'><strong>Of.</strong></span> <span class='ocrx_word' id='word_1_272' title='bbox 425 2551 642 2597; x_wconf 83' lang='lat' dir='ltr'><strong>Lepsius,</strong></span> <span class='ocrx_word' id='word_1_273' title='bbox 668 2550 694 2588; x_wconf 82' lang='lat'><strong>1.</strong></span> <span class='ocrx_word' id='word_1_274' title='bbox 720 2550 746 2587; x_wconf 91' lang='lat' dir='ltr'><strong>l.</strong></span> <span class='ocrx_word' id='word_1_275' title='bbox 773 2562 809 2597; x_wconf 89' lang='lat' dir='ltr'><strong>p.</strong></span> <span class='ocrx_word' id='word_1_276' title='bbox 825 2552 868 2585; x_wconf 88' lang='lat'><strong>90</strong></span> <span class='ocrx_word' id='word_1_277' title='bbox 887 2562 965 2597; x_wconf 87' lang='lat' dir='ltr'><strong>sqq.</strong></span> 
     </span>
    </p>

    <p class='ocr_par' dir='ltr' id='par_1_9' title="bbox 195 2606 1730 2822">
     <span class='ocr_line' id='line_1_35' title="bbox 288 2606 1724 2654; baseline 0.001 -14"><span class='ocrx_word' id='word_1_278' title='bbox 288 2609 321 2649; x_wconf 89' lang='lat'><strong>3)</strong></span> <span class='ocrx_word' id='word_1_279' title='bbox 347 2606 464 2650; x_wconf 87' lang='lat' dir='ltr'><strong>Plato,</strong></span> <span class='ocrx_word' id='word_1_280' title='bbox 485 2607 579 2642; x_wconf 91' lang='lat' dir='ltr'><strong>Tim.</strong></span> <span class='ocrx_word' id='word_1_281' title='bbox 605 2619 639 2653; x_wconf 90' lang='lat' dir='ltr'><strong>p.</strong></span> <span class='ocrx_word' id='word_1_282' title='bbox 658 2609 724 2643; x_wconf 86' lang='lat'><strong>318</strong></span> <span class='ocrx_word' id='word_1_283' title='bbox 736 2618 789 2653; x_wconf 87' lang='lat' dir='ltr'><strong>sq.</strong></span> <span class='ocrx_word' id='word_1_284' title='bbox 812 2607 879 2651; x_wconf 88' lang='lat' dir='ltr'><strong>(ed.</strong></span> <span class='ocrx_word' id='word_1_285' title='bbox 900 2608 1012 2654; x_wconf 90' lang='lat' dir='ltr'><strong>Bip.).</strong></span> <span class='ocrx_word' id='word_1_286' title='bbox 1047 2607 1239 2654; x_wconf 89' lang='lat' dir='ltr'><strong>Epinomis</strong></span> <span class='ocrx_word' id='word_1_287' title='bbox 1262 2617 1298 2652; x_wconf 92' lang='lat' dir='ltr'><strong>p.</strong></span> <span class='ocrx_word' id='word_1_288' title='bbox 1319 2607 1385 2640; x_wconf 87' lang='lat'><strong>264</strong></span> <span class='ocrx_word' id='word_1_289' title='bbox 1402 2617 1479 2652; x_wconf 90' lang='lat' dir='ltr'><strong>sq.:</strong></span> <span class='ocrx_word' id='word_1_290' title='bbox 1513 2609 1546 2648; x_wconf 72' lang='lat' dir='ltr'><strong>c(</strong></span> <span class='ocrx_word' id='word_1_291' title='bbox 1571 2610 1609 2647; x_wconf 78' lang='grc' dir='ltr'>Θ</span> <span class='ocrx_word' id='word_1_292' title='bbox 1636 2609 1664 2646; x_wconf 99' lang='grc' dir='ltr'><strong>Ω</strong></span> <span class='ocrx_word' id='word_1_293' title='bbox 1699 2609 1724 2646; x_wconf 65' lang='lat'><strong>3}</strong></span> 
     </span>
     <span class='ocr_line' id='line_1_36' title="bbox 203 2663 1730 2711; baseline -0.007 -4"><span class='ocrx_word' id='word_1_294' title='bbox 203 2665 236 2707; x_wconf 73' lang='grc' dir='ltr'>ὃ</span> <span class='ocrx_word' id='word_1_295' title='bbox 263 2668 297 2707; x_wconf 52' lang='lat' dir='ltr'><em>Q</em></span> <span class='ocrx_word' id='word_1_296' title='bbox 325 2668 372 2706; x_wconf 68' lang='lat' dir='ltr'><strong>b,</strong></span> <span class='ocrx_word' id='word_1_297' title='bbox 400 2663 460 2701; x_wconf 87' lang='lat' dir='ltr'><strong>vel</strong></span> <span class='ocrx_word' id='word_1_298' title='bbox 474 2664 672 2700; x_wconf 86' lang='lat' dir='ltr'><strong>Plutarcho</strong></span> <span class='ocrx_word' id='word_1_299' title='bbox 697 2669 843 2700; x_wconf 84' lang='lat' dir='ltr'><strong>auctore</strong></span> <span class='ocrx_word' id='word_1_300' title='bbox 869 2664 924 2708; x_wconf 86' lang='lat' dir='ltr'><strong>(de</strong></span> <span class='ocrx_word' id='word_1_301' title='bbox 939 2664 1030 2711; x_wconf 87' lang='lat' dir='ltr'><strong>plac.</strong></span> <span class='ocrx_word' id='word_1_302' title='bbox 1051 2663 1183 2711; x_wconf 87' lang='lat' dir='ltr'><strong>philos.</strong></span> <span class='ocrx_word' id='word_1_303' title='bbox 1204 2664 1243 2699; x_wconf 89' lang='grc' dir='ltr'><strong>ΙΙ</strong></span> <span class='ocrx_word' id='word_1_304' title='bbox 1263 2665 1333 2707; x_wconf 83' lang='grc'>15);</span> <span class='ocrx_word' id='word_1_305' title='bbox 1369 2666 1401 2706; x_wconf 73' lang='grc' dir='ltr'><strong>(ζ</strong></span> <span class='ocrx_word' id='word_1_306' title='bbox 1425 2667 1463 2705; x_wconf 79' lang='grc' dir='ltr'>Θ</span> <span class='ocrx_word' id='word_1_307' title='bbox 1492 2667 1517 2704; x_wconf 68' lang='grc' dir='ltr'><strong>ἐξ</strong></span> <span class='ocrx_word' id='word_1_308' title='bbox 1550 2666 1579 2703; x_wconf 91' lang='grc' dir='ltr'><strong>Ω</strong></span> <span class='ocrx_word' id='word_1_309' title='bbox 1608 2664 1642 2706; x_wconf 67' lang='grc' dir='ltr'><em>ὅ</em></span> <span class='ocrx_word' id='word_1_310' title='bbox 1662 2667 1730 2698; x_wconf 82' lang='lat' dir='ltr'><strong>etc.</strong></span> 
     </span>
     <span class='ocr_line' id='line_1_37' title="bbox 196 2719 1729 2768; baseline -0.001 -13"><span class='ocrx_word' id='word_1_311' title='bbox 196 2721 286 2764; x_wconf 62' lang='lat' dir='ltr'><strong>Cic„</strong></span> <span class='ocrx_word' id='word_1_312' title='bbox 315 2722 378 2767; x_wconf 90' lang='lat' dir='ltr'><strong>qui</strong></span> <span class='ocrx_word' id='word_1_313' title='bbox 402 2721 441 2756; x_wconf 89' lang='lat' dir='ltr'><strong>in</strong></span> <span class='ocrx_word' id='word_1_314' title='bbox 465 2733 580 2757; x_wconf 89' lang='lat' dir='ltr'><strong>somn.</strong></span> <span class='ocrx_word' id='word_1_315' title='bbox 605 2721 701 2768; x_wconf 87' lang='lat' dir='ltr'><strong>Scip.</strong></span> <span class='ocrx_word' id='word_1_316' title='bbox 721 2724 743 2755; x_wconf 91' lang='grc'>4</span> <span class='ocrx_word' id='word_1_317' title='bbox 766 2721 994 2768; x_wconf 85' lang='lat' dir='ltr'><strong>Pythagorae</strong></span> <span class='ocrx_word' id='word_1_318' title='bbox 1019 2721 1216 2764; x_wconf 85' lang='lat' dir='ltr'><strong>consentit,</strong></span> <span class='ocrx_word' id='word_1_319' title='bbox 1245 2720 1317 2755; x_wconf 85' lang='lat' dir='ltr'><strong>alio</strong></span> <span class='ocrx_word' id='word_1_320' title='bbox 1342 2720 1421 2755; x_wconf 89' lang='lat' dir='ltr'><strong>loco</strong></span> <span class='ocrx_word' id='word_1_321' title='bbox 1451 2720 1506 2762; x_wconf 88' lang='lat' dir='ltr'><strong>(de</strong></span> <span class='ocrx_word' id='word_1_322' title='bbox 1529 2724 1604 2755; x_wconf 83' lang='lat' dir='ltr'><strong>nat.</strong></span> <span class='ocrx_word' id='word_1_323' title='bbox 1633 2719 1729 2755; x_wconf 86' lang='lat' dir='ltr'><strong>deor.</strong></span> 
     </span>
     <span class='ocr_line' id='line_1_38' title="bbox 195 2778 730 2822; baseline 0.004 -10"><span class='ocrx_word' id='word_1_324' title='bbox 195 2778 233 2812; x_wconf 83' lang='grc' dir='ltr'><strong>ΙΙ</strong></span> <span class='ocrx_word' id='word_1_325' title='bbox 258 2781 288 2821; x_wconf 85' lang='grc'><strong>4)</strong></span> <span class='ocrx_word' id='word_1_326' title='bbox 315 2778 385 2813; x_wconf 85' lang='lat' dir='ltr'><strong>sic:</strong></span> <span class='ocrx_word' id='word_1_327' title='bbox 421 2782 448 2819; x_wconf 91' lang='grc' dir='ltr'><strong>Ω</strong></span> <span class='ocrx_word' id='word_1_328' title='bbox 484 2783 508 2819; x_wconf 61' lang='grc' dir='ltr'><strong>ἐξ</strong></span> <span class='ocrx_word' id='word_1_329' title='bbox 542 2780 575 2822; x_wconf 69' lang='lat'><strong>&lt;3</strong></span> <span class='ocrx_word' id='word_1_330' title='bbox 601 2782 636 2822; x_wconf 66' lang='grc' dir='ltr'><strong>Ξι</strong></span> <span class='ocrx_word' id='word_1_331' title='bbox 664 2783 730 2819; x_wconf 55' lang='lat' dir='ltr'><strong>D„</strong></span> 
     </span>
    </p>

    <p class='ocr_par' dir='ltr' id='par_1_10' title="bbox 287 2835 753 2878">
     <span class='ocr_line' id='line_1_39' title="bbox 287 2835 753 2878; baseline 0.004 -9"><span class='ocrx_word' id='word_1_332' title='bbox 287 2838 317 2878; x_wconf 79' lang='lat'><strong>4)</strong></span> <span class='ocrx_word' id='word_1_333' title='bbox 348 2835 403 2870; x_wconf 84' lang='lat' dir='ltr'><strong>Of.</strong></span> <span class='ocrx_word' id='word_1_334' title='bbox 426 2836 521 2871; x_wconf 83' lang='lat' dir='ltr'><strong>Just.</strong></span> <span class='ocrx_word' id='word_1_335' title='bbox 548 2836 659 2871; x_wconf 87' lang='lat' dir='ltr'><strong>Mart.</strong></span> <span class='ocrx_word' id='word_1_336' title='bbox 685 2835 753 2871; x_wconf 86' lang='lat'>1.1.</span> 
     </span>
    </p>
   </div>
  </div>
 </body>
</html>
