<?xml version="1.0" encoding="UTF-8"?>
<!DOCTYPE html PUBLIC "-//W3C//DTD XHTML 1.0 Transitional//EN"
    "http://www.w3.org/TR/xhtml1/DTD/xhtml1-transitional.dtd">
<html xmlns="http://www.w3.org/1999/xhtml" xml:lang="en" lang="en">
 <head>
  <title>
</title>
<meta http-equiv="Content-Type" content="text/html;charset=utf-8" />
  <meta name='ocr-system' content='tesseract 3.04.00' />
  <meta name='ocr-capabilities' content='ocr_page ocr_carea ocr_par ocr_line ocrx_word'/>
</head>
<body>
  <div class='ocr_page' id='page_1' title='image "./quaestionesdehis00lotzuoft_0034.png"; bbox 0 0 1904 3216; ppageno 0'>
   <div class='ocr_carea' id='block_1_1' title="bbox 862 180 1144 218">
    <p class='ocr_par' dir='ltr' id='par_1_1' title="bbox 862 180 1144 218">
     <span class='ocr_line' id='line_1_1' title="bbox 862 180 1144 218; baseline 0 -10"><span class='ocrx_word' id='word_1_1' title='bbox 862 180 1144 218; x_wconf 54' lang='grc'><strong>,26-</strong></span> 
     </span>
    </p>
   </div>
   <div class='ocr_carea' id='block_1_2' title="bbox 236 291 1789 2349">
    <p class='ocr_par' dir='ltr' id='par_1_2' title="bbox 236 291 1789 2349">
     <span class='ocr_line' id='line_1_2' title="bbox 237 291 1774 348; baseline 0.001 -14"><span class='ocrx_word' id='word_1_2' title='bbox 237 293 408 348; x_wconf 86' lang='lat' dir='ltr'><strong>saepius</strong></span> <span class='ocrx_word' id='word_1_3' title='bbox 439 293 613 348; x_wconf 88' lang='lat' dir='ltr'><strong>signum</strong></span> <span class='ocrx_word' id='word_1_4' title='bbox 643 291 1024 334; x_wconf 79' lang='lat' dir='ltr'><strong>determinativum</strong></span> <span class='ocrx_word' id='word_1_5' title='bbox 1054 292 1231 333; x_wconf 90' lang='lat' dir='ltr'><strong>deorum</strong></span> <span class='ocrx_word' id='word_1_6' title='bbox 1260 292 1437 334; x_wconf 88' lang='lat' dir='ltr'><strong>nomina</strong></span> <span class='ocrx_word' id='word_1_7' title='bbox 1466 300 1620 335; x_wconf 87' lang='lat' dir='ltr'><strong>notans</strong></span> <span class='ocrx_word' id='word_1_8' title='bbox 1650 307 1774 348; x_wconf 81' lang='lat' dir='ltr'><strong>prae-</strong></span> 
     </span>
     <span class='ocr_line' id='line_1_3' title="bbox 236 354 1776 418; baseline 0 -12"><span class='ocrx_word' id='word_1_9' title='bbox 236 364 427 406; x_wconf 78' lang='lat' dir='ltr'><strong>mittitur</strong></span> <span class='ocrx_word' id='word_1_10' title='bbox 457 379 586 418; x_wconf 89' lang='lat' dir='ltr'><strong>quam</strong></span> <span class='ocrx_word' id='word_1_11' title='bbox 627 363 759 415; x_wconf 90' lang='lat' dir='ltr'><strong>illud,</strong></span> <span class='ocrx_word' id='word_1_12' title='bbox 805 354 889 417; x_wconf 81' lang='lat' dir='ltr'><strong>quo</strong></span> <span class='ocrx_word' id='word_1_13' title='bbox 928 362 1076 405; x_wconf 88' lang='lat' dir='ltr'><strong>stellae</strong></span> <span class='ocrx_word' id='word_1_14' title='bbox 1117 362 1440 417; x_wconf 78' lang='lat' dir='ltr'><strong>designantur1.</strong></span> <span class='ocrx_word' id='word_1_15' title='bbox 1513 364 1695 406; x_wconf 89' lang='lat' dir='ltr'><strong>Solem</strong></span> <span class='ocrx_word' id='word_1_16' title='bbox 1731 370 1776 406; x_wconf 90' lang='lat' dir='ltr'><strong>et</strong></span> 
     </span>
     <span class='ocr_line' id='line_1_4' title="bbox 237 433 1776 491; baseline -0.001 -13"><span class='ocrx_word' id='word_1_17' title='bbox 237 437 445 478; x_wconf 90' lang='lat' dir='ltr'><strong>Lunam</strong></span> <span class='ocrx_word' id='word_1_18' title='bbox 476 436 577 477; x_wconf 89' lang='lat' dir='ltr'><strong>deos</strong></span> <span class='ocrx_word' id='word_1_19' title='bbox 607 433 948 490; x_wconf 80' lang='lat' dir='ltr'><strong>Babyloniorum</strong></span> <span class='ocrx_word' id='word_1_20' title='bbox 978 434 1111 476; x_wconf 85' lang='lat' dir='ltr'><strong>fuisse</strong></span> <span class='ocrx_word' id='word_1_21' title='bbox 1141 433 1415 477; x_wconf 89' lang='lat' dir='ltr'><strong>notissimum</strong></span> <span class='ocrx_word' id='word_1_22' title='bbox 1452 443 1517 478; x_wconf 89' lang='lat' dir='ltr'><strong>est</strong></span> <span class='ocrx_word' id='word_1_23' title='bbox 1556 443 1600 478; x_wconf 90' lang='lat' dir='ltr'><strong>et</strong></span> <span class='ocrx_word' id='word_1_24' title='bbox 1637 435 1776 491; x_wconf 89' lang='lat' dir='ltr'><strong>pluri-</strong></span> 
     </span>
     <span class='ocr_line' id='line_1_5' title="bbox 237 505 1775 562; baseline -0.001 -13"><span class='ocrx_word' id='word_1_25' title='bbox 237 507 320 549; x_wconf 85' lang='lat' dir='ltr'><strong>mis</strong></span> <span class='ocrx_word' id='word_1_26' title='bbox 350 507 456 549; x_wconf 89' lang='lat' dir='ltr'><strong>locis</strong></span> <span class='ocrx_word' id='word_1_27' title='bbox 485 508 704 562; x_wconf 85' lang='lat' dir='ltr'><strong>probatur,</strong></span> <span class='ocrx_word' id='word_1_28' title='bbox 769 506 943 548; x_wconf 89' lang='lat' dir='ltr'><strong>Ceteros</strong></span> <span class='ocrx_word' id='word_1_29' title='bbox 971 505 1167 561; x_wconf 81' lang='lat' dir='ltr'><strong>planetas</strong></span> <span class='ocrx_word' id='word_1_30' title='bbox 1196 505 1326 560; x_wconf 88' lang='lat' dir='ltr'><strong>paulo</strong></span> <span class='ocrx_word' id='word_1_31' title='bbox 1358 506 1584 549; x_wconf 89' lang='lat' dir='ltr'><strong>difficilius</strong></span> <span class='ocrx_word' id='word_1_32' title='bbox 1623 513 1689 550; x_wconf 82' lang='lat' dir='ltr'><strong>est</strong></span> <span class='ocrx_word' id='word_1_33' title='bbox 1727 506 1775 548; x_wconf 87' lang='lat' dir='ltr'><strong>in</strong></span> 
     </span>
     <span class='ocr_line' id='line_1_6' title="bbox 238 577 1776 633; baseline 0 -13"><span class='ocrx_word' id='word_1_34' title='bbox 238 579 415 620; x_wconf 90' lang='lat' dir='ltr'><strong>deorum</strong></span> <span class='ocrx_word' id='word_1_35' title='bbox 454 577 796 633; x_wconf 87' lang='lat' dir='ltr'><strong>Babyloniorum</strong></span> <span class='ocrx_word' id='word_1_36' title='bbox 833 591 1014 619; x_wconf 91' lang='lat' dir='ltr'><strong>numero</strong></span> <span class='ocrx_word' id='word_1_37' title='bbox 1053 577 1293 618; x_wconf 85' lang='lat' dir='ltr'><strong>ostendere.</strong></span> <span class='ocrx_word' id='word_1_38' title='bbox 1355 577 1604 631; x_wconf 77' lang='lat' dir='ltr'><strong>Planetam,</strong></span> <span class='ocrx_word' id='word_1_39' title='bbox 1647 591 1776 632; x_wconf 88' lang='lat' dir='ltr'><strong>quem</strong></span> 
     </span>
     <span class='ocr_line' id='line_1_7' title="bbox 239 647 1776 703; baseline 0 -12"><span class='ocrx_word' id='word_1_40' title='bbox 239 649 397 692; x_wconf 87' lang='lat' dir='ltr'><strong>Graeci</strong></span> <span class='ocrx_word' id='word_1_41' title='bbox 435 649 643 691; x_wconf 87' lang='lat' dir='ltr'><strong>Veneri</strong></span> <span class='ocrx_word' id='word_1_42' title='bbox 680 649 995 701; x_wconf 85' lang='lat' dir='ltr'><strong>attribuerunt,</strong></span> <span class='ocrx_word' id='word_1_43' title='bbox 1047 662 1181 703; x_wconf 90' lang='lat' dir='ltr'><strong>quum</strong></span> <span class='ocrx_word' id='word_1_44' title='bbox 1221 661 1292 689; x_wconf 91' lang='lat' dir='ltr'><strong>eos</strong></span> <span class='ocrx_word' id='word_1_45' title='bbox 1332 656 1500 691; x_wconf 89' lang='lat' dir='ltr'><strong>constet</strong></span> <span class='ocrx_word' id='word_1_46' title='bbox 1536 664 1562 691; x_wconf 89' lang='lat' dir='ltr'><strong>a</strong></span> <span class='ocrx_word' id='word_1_47' title='bbox 1601 647 1776 691; x_wconf 84' lang='lat' dir='ltr'><strong>Semitis</strong></span> 
     </span>
     <span class='ocr_line' id='line_1_8' title="bbox 238 719 1778 776; baseline -0.001 -13"><span class='ocrx_word' id='word_1_48' title='bbox 238 720 439 763; x_wconf 87' lang='lat' dir='ltr'><strong>didicisse</strong></span> <span class='ocrx_word' id='word_1_49' title='bbox 477 720 672 776; x_wconf 86' lang='lat' dir='ltr'><strong>planetas</strong></span> <span class='ocrx_word' id='word_1_50' title='bbox 714 720 893 762; x_wconf 88' lang='lat' dir='ltr'><strong>deorum</strong></span> <span class='ocrx_word' id='word_1_51' title='bbox 932 719 1183 762; x_wconf 90' lang='lat' dir='ltr'><strong>nominibus</strong></span> <span class='ocrx_word' id='word_1_52' title='bbox 1221 726 1390 773; x_wconf 88' lang='lat' dir='ltr'><strong>notare,</strong></span> <span class='ocrx_word' id='word_1_53' title='bbox 1437 727 1778 763; x_wconf 85' lang='lat' dir='ltr'><strong>consentaneum</strong></span> 
     </span>
     <span class='ocr_line' id='line_1_9' title="bbox 238 790 1778 849; baseline -0.001 -15"><span class='ocrx_word' id='word_1_54' title='bbox 238 800 302 835; x_wconf 86' lang='lat' dir='ltr'><strong>est</strong></span> <span class='ocrx_word' id='word_1_55' title='bbox 331 793 448 849; x_wconf 90' lang='lat' dir='ltr'><strong>apud</strong></span> <span class='ocrx_word' id='word_1_56' title='bbox 469 792 653 834; x_wconf 86' lang='lat' dir='ltr'><strong>Semitas</strong></span> <span class='ocrx_word' id='word_1_57' title='bbox 684 792 818 834; x_wconf 89' lang='lat' dir='ltr'><strong>fuisse</strong></span> <span class='ocrx_word' id='word_1_58' title='bbox 849 792 974 833; x_wconf 90' lang='lat' dir='ltr'><strong>deam</strong></span> <span class='ocrx_word' id='word_1_59' title='bbox 994 790 1151 832; x_wconf 89' lang='lat' dir='ltr'><strong>amoris</strong></span> <span class='ocrx_word' id='word_1_60' title='bbox 1172 797 1248 832; x_wconf 90' lang='lat' dir='ltr'><strong>aut</strong></span> <span class='ocrx_word' id='word_1_61' title='bbox 1278 791 1370 846; x_wconf 83' lang='lat' dir='ltr'><strong>ejus</strong></span> <span class='ocrx_word' id='word_1_62' title='bbox 1399 792 1637 847; x_wconf 86' lang='lat' dir='ltr'><strong>proprium,</strong></span> <span class='ocrx_word' id='word_1_63' title='bbox 1662 791 1778 847; x_wconf 89' lang='lat' dir='ltr'><strong>apud</strong></span> 
     </span>
     <span class='ocr_line' id='line_1_10' title="bbox 238 861 1777 919; baseline -0.001 -14"><span class='ocrx_word' id='word_1_64' title='bbox 238 863 503 919; x_wconf 87' lang='lat' dir='ltr'><strong>Babylonios</strong></span> <span class='ocrx_word' id='word_1_65' title='bbox 535 863 669 919; x_wconf 89' lang='lat' dir='ltr'><strong>igitur</strong></span> <span class='ocrx_word' id='word_1_66' title='bbox 698 863 862 905; x_wconf 85' lang='lat' dir='ltr'><strong>Istaris.</strong></span> <span class='ocrx_word' id='word_1_67' title='bbox 926 863 1140 904; x_wconf 84' lang='lat' dir='ltr'><strong>Probatur</strong></span> <span class='ocrx_word' id='word_1_68' title='bbox 1168 862 1251 904; x_wconf 93' lang='lat' dir='ltr'><strong>hoc</strong></span> <span class='ocrx_word' id='word_1_69' title='bbox 1281 877 1353 915; x_wconf 90' lang='lat' dir='ltr'><strong>eo,</strong></span> <span class='ocrx_word' id='word_1_70' title='bbox 1398 864 1513 918; x_wconf 91' lang='lat' dir='ltr'><strong>quod</strong></span> <span class='ocrx_word' id='word_1_71' title='bbox 1551 863 1599 905; x_wconf 91' lang='lat' dir='ltr'><strong>in</strong></span> <span class='ocrx_word' id='word_1_72' title='bbox 1629 861 1777 905; x_wconf 82' lang='lat' dir='ltr'><strong>tabula</strong></span> 
     </span>
     <span class='ocr_line' id='line_1_11' title="bbox 238 922 1776 991; baseline -0.001 -15"><span class='ocrx_word' id='word_1_73' title='bbox 238 935 399 991; x_wconf 88' lang='lat' dir='ltr'><strong>assyria</strong></span> <span class='ocrx_word' id='word_1_74' title='bbox 428 935 603 990; x_wconf 91' lang='lat' dir='ltr'><strong>planeta</strong></span> <span class='ocrx_word' id='word_1_75' title='bbox 633 934 828 977; x_wconf 88' lang='lat' dir='ltr'><strong>accadice</strong></span> <span class='ocrx_word' id='word_1_76' title='bbox 859 934 1028 976; x_wconf 74' lang='lat' dir='ltr'><strong>dil-bad</strong></span> <span class='ocrx_word' id='word_1_77' title='bbox 1053 940 1230 975; x_wconf 89' lang='lat' dir='ltr'><strong>vocatus</strong></span> <span class='ocrx_word' id='word_1_78' title='bbox 1270 947 1446 989; x_wconf 86' lang='lat' dir='ltr'><strong>vespere</strong></span> <span class='ocrx_word' id='word_1_79' title='bbox 1474 932 1606 988; x_wconf 70' lang='lat' dir='ltr'><strong>Is&#39;tar,</strong></span> <span class='ocrx_word' id='word_1_80' title='bbox 1649 922 1776 976; x_wconf 84' lang='lat' dir='ltr'><strong>mane</strong></span> 
     </span>
     <span class='ocr_line' id='line_1_12' title="bbox 238 1003 1779 1061; baseline -0.003 -12"><span class='ocrx_word' id='word_1_81' title='bbox 238 1006 356 1050; x_wconf 58' lang='lat' dir='ltr'><strong>Belit</strong></span> <span class='ocrx_word' id='word_1_82' title='bbox 385 1006 602 1048; x_wconf 89' lang='lat' dir='ltr'><strong>nominari</strong></span> <span class='ocrx_word' id='word_1_83' title='bbox 633 1006 842 1048; x_wconf 81' lang='lat' dir='ltr'><strong>dicitur2:</strong></span> <span class='ocrx_word' id='word_1_84' title='bbox 877 1005 1077 1060; x_wconf 88' lang='lat' dir='ltr'><strong>planetae</strong></span> <span class='ocrx_word' id='word_1_85' title='bbox 1116 1012 1262 1047; x_wconf 88' lang='lat' dir='ltr'><strong>autem</strong></span> <span class='ocrx_word' id='word_1_86' title='bbox 1298 1020 1389 1047; x_wconf 88' lang='lat' dir='ltr'><strong>non</strong></span> <span class='ocrx_word' id='word_1_87' title='bbox 1427 1003 1654 1061; x_wconf 83' lang='lat' dir='ltr'><strong>conspicui</strong></span> <span class='ocrx_word' id='word_1_88' title='bbox 1691 1003 1779 1046; x_wconf 83' lang='lat' dir='ltr'><strong>nisi</strong></span> 
     </span>
     <span class='ocr_line' id='line_1_13' title="bbox 238 1077 1780 1134; baseline -0.002 -14"><span class='ocrx_word' id='word_1_89' title='bbox 238 1085 314 1121; x_wconf 92' lang='lat' dir='ltr'><strong>aut</strong></span> <span class='ocrx_word' id='word_1_90' title='bbox 342 1093 518 1134; x_wconf 84' lang='lat' dir='ltr'><strong>vespere</strong></span> <span class='ocrx_word' id='word_1_91' title='bbox 548 1085 624 1119; x_wconf 89' lang='lat' dir='ltr'><strong>aut</strong></span> <span class='ocrx_word' id='word_1_92' title='bbox 653 1092 780 1119; x_wconf 89' lang='lat' dir='ltr'><strong>mane</strong></span> <span class='ocrx_word' id='word_1_93' title='bbox 809 1092 900 1119; x_wconf 92' lang='lat' dir='ltr'><strong>non</strong></span> <span class='ocrx_word' id='word_1_94' title='bbox 929 1083 1032 1118; x_wconf 89' lang='lat' dir='ltr'><strong>sunt</strong></span> <span class='ocrx_word' id='word_1_95' title='bbox 1069 1083 1238 1132; x_wconf 87' lang='lat' dir='ltr'><strong>praeter</strong></span> <span class='ocrx_word' id='word_1_96' title='bbox 1275 1077 1490 1119; x_wconf 87' lang='lat' dir='ltr'><strong>Venerem</strong></span> <span class='ocrx_word' id='word_1_97' title='bbox 1528 1084 1572 1120; x_wconf 91' lang='lat' dir='ltr'><strong>et</strong></span> <span class='ocrx_word' id='word_1_98' title='bbox 1605 1077 1780 1119; x_wconf 89' lang='lat' dir='ltr'><strong>Mercu-</strong></span> 
     </span>
     <span class='ocr_line' id='line_1_14' title="bbox 241 1147 1779 1205; baseline -0.002 -13"><span class='ocrx_word' id='word_1_99' title='bbox 241 1151 380 1203; x_wconf 85' lang='lat' dir='ltr'><strong>rium,</strong></span> <span class='ocrx_word' id='word_1_100' title='bbox 422 1164 505 1191; x_wconf 91' lang='lat' dir='ltr'><strong>nec</strong></span> <span class='ocrx_word' id='word_1_101' title='bbox 543 1156 687 1205; x_wconf 90' lang='lat' dir='ltr'><strong>potest</strong></span> <span class='ocrx_word' id='word_1_102' title='bbox 723 1148 938 1202; x_wconf 88' lang='lat' dir='ltr'><strong>dubitari,</strong></span> <span class='ocrx_word' id='word_1_103' title='bbox 982 1148 1090 1203; x_wconf 93' lang='lat' dir='ltr'><strong>quin</strong></span> <span class='ocrx_word' id='word_1_104' title='bbox 1129 1149 1182 1189; x_wconf 91' lang='lat' dir='ltr'><strong>de</strong></span> <span class='ocrx_word' id='word_1_105' title='bbox 1213 1149 1382 1190; x_wconf 91' lang='lat' dir='ltr'><strong>Venere</strong></span> <span class='ocrx_word' id='word_1_106' title='bbox 1422 1148 1554 1202; x_wconf 92' lang='lat' dir='ltr'><strong>illud,</strong></span> <span class='ocrx_word' id='word_1_107' title='bbox 1595 1162 1686 1190; x_wconf 89' lang='lat' dir='ltr'><strong>non</strong></span> <span class='ocrx_word' id='word_1_108' title='bbox 1725 1147 1779 1189; x_wconf 86' lang='lat' dir='ltr'><strong>de</strong></span> 
     </span>
     <span class='ocr_line' id='line_1_15' title="bbox 237 1219 1781 1275; baseline -0.003 -11"><span class='ocrx_word' id='word_1_109' title='bbox 237 1221 456 1264; x_wconf 82' lang='lat' dir='ltr'><strong>Mercurio</strong></span> <span class='ocrx_word' id='word_1_110' title='bbox 497 1221 664 1263; x_wconf 90' lang='lat' dir='ltr'><strong>dictum</strong></span> <span class='ocrx_word' id='word_1_111' title='bbox 703 1220 774 1262; x_wconf 88' lang='lat' dir='ltr'><strong>sit.</strong></span> <span class='ocrx_word' id='word_1_112' title='bbox 838 1220 1101 1263; x_wconf 86' lang='lat' dir='ltr'><strong>Graecorum</strong></span> <span class='ocrx_word' id='word_1_113' title='bbox 1138 1220 1305 1261; x_wconf 89' lang='lat' dir='ltr'><strong>Marti</strong></span> <span class='ocrx_word' id='word_1_114' title='bbox 1335 1220 1473 1262; x_wconf 60' lang='lat' dir='ltr'><strong>Nineb</strong></span> <span class='ocrx_word' id='word_1_115' title='bbox 1511 1219 1659 1275; x_wconf 73' lang='grc' dir='ltr'><strong>(Λάαν)</strong></span> <span class='ocrx_word' id='word_1_116' title='bbox 1705 1224 1781 1260; x_wconf 88' lang='lat' dir='ltr'><strong>aut</strong></span> 
     </span>
     <span class='ocr_line' id='line_1_16' title="bbox 238 1289 1780 1349; baseline -0.004 -12"><span class='ocrx_word' id='word_1_117' title='bbox 238 1294 418 1349; x_wconf 61' lang='lat' dir='ltr'><strong>Nerqal,</strong></span> <span class='ocrx_word' id='word_1_118' title='bbox 453 1308 635 1349; x_wconf 88' lang='lat' dir='ltr'><strong>quorum</strong></span> <span class='ocrx_word' id='word_1_119' title='bbox 660 1299 841 1347; x_wconf 89' lang='lat' dir='ltr'><strong>uterque</strong></span> <span class='ocrx_word' id='word_1_120' title='bbox 861 1291 967 1333; x_wconf 91' lang='lat' dir='ltr'><strong>belli</strong></span> <span class='ocrx_word' id='word_1_121' title='bbox 987 1298 1052 1333; x_wconf 88' lang='lat' dir='ltr'><strong>est</strong></span> <span class='ocrx_word' id='word_1_122' title='bbox 1072 1292 1189 1345; x_wconf 91' lang='lat' dir='ltr'><strong>deus,</strong></span> <span class='ocrx_word' id='word_1_123' title='bbox 1226 1291 1538 1347; x_wconf 86' lang='lat' dir='ltr'><strong>comparandus</strong></span> <span class='ocrx_word' id='word_1_124' title='bbox 1559 1297 1637 1333; x_wconf 89' lang='lat' dir='ltr'><strong>est.</strong></span> <span class='ocrx_word' id='word_1_125' title='bbox 1691 1289 1780 1334; x_wconf 70' lang='lat' dir='ltr'><strong>Qui</strong></span> 
     </span>
     <span class='ocr_line' id='line_1_17' title="bbox 240 1360 1781 1420; baseline -0.004 -12"><span class='ocrx_word' id='word_1_126' title='bbox 240 1373 387 1409; x_wconf 90' lang='lat' dir='ltr'><strong>autem</strong></span> <span class='ocrx_word' id='word_1_127' title='bbox 406 1365 750 1420; x_wconf 86' lang='lat' dir='ltr'><strong>Babyloniorum</strong></span> <span class='ocrx_word' id='word_1_128' title='bbox 780 1364 843 1406; x_wconf 90' lang='lat' dir='ltr'><strong>dii</strong></span> <span class='ocrx_word' id='word_1_129' title='bbox 874 1364 1138 1416; x_wconf 88' lang='lat' dir='ltr'><strong>Saturno,</strong></span> <span class='ocrx_word' id='word_1_130' title='bbox 1172 1363 1322 1416; x_wconf 86' lang='lat' dir='ltr'><strong>Jovi,</strong></span> <span class='ocrx_word' id='word_1_131' title='bbox 1355 1362 1663 1405; x_wconf 76' lang='lat' dir='ltr'><strong>Mercurio?</strong></span> <span class='ocrx_word' id='word_1_132' title='bbox 1709 1360 1781 1402; x_wconf 85' lang='lat' dir='ltr'><strong>Ad</strong></span> 
     </span>
     <span class='ocr_line' id='line_1_18' title="bbox 239 1433 1781 1492; baseline -0.004 -12"><span class='ocrx_word' id='word_1_133' title='bbox 239 1439 353 1480; x_wconf 89' lang='lat' dir='ltr'><strong>hanc</strong></span> <span class='ocrx_word' id='word_1_134' title='bbox 384 1452 476 1479; x_wconf 92' lang='lat' dir='ltr'><strong>rem</strong></span> <span class='ocrx_word' id='word_1_135' title='bbox 506 1435 832 1492; x_wconf 89' lang='lat' dir='ltr'><strong>dijudicandam</strong></span> <span class='ocrx_word' id='word_1_136' title='bbox 861 1434 945 1476; x_wconf 92' lang='lat' dir='ltr'><strong>viri</strong></span> <span class='ocrx_word' id='word_1_137' title='bbox 975 1434 1090 1476; x_wconf 88' lang='lat' dir='ltr'><strong>docti</strong></span> <span class='ocrx_word' id='word_1_138' title='bbox 1120 1435 1349 1490; x_wconf 84' lang='lat' dir='ltr'><strong>praecipue</strong></span> <span class='ocrx_word' id='word_1_139' title='bbox 1379 1433 1673 1476; x_wconf 88' lang='lat' dir='ltr'><strong>adhibuerunt</strong></span> <span class='ocrx_word' id='word_1_140' title='bbox 1699 1446 1781 1474; x_wconf 90' lang='lat' dir='ltr'><strong>no-</strong></span> 
     </span>
     <span class='ocr_line' id='line_1_19' title="bbox 239 1503 1777 1564; baseline -0.005 -12"><span class='ocrx_word' id='word_1_141' title='bbox 239 1510 359 1553; x_wconf 90' lang='lat' dir='ltr'><strong>mina</strong></span> <span class='ocrx_word' id='word_1_142' title='bbox 398 1507 585 1564; x_wconf 89' lang='lat' dir='ltr'><strong>planetis</strong></span> <span class='ocrx_word' id='word_1_143' title='bbox 624 1522 649 1549; x_wconf 92' lang='lat' dir='ltr'><strong>a</strong></span> <span class='ocrx_word' id='word_1_144' title='bbox 685 1506 911 1548; x_wconf 87' lang='lat' dir='ltr'><strong>Mandaeis</strong></span> <span class='ocrx_word' id='word_1_145' title='bbox 951 1506 1173 1561; x_wconf 88' lang='lat' dir='ltr'><strong>imposita,</strong></span> <span class='ocrx_word' id='word_1_146' title='bbox 1217 1506 1292 1561; x_wconf 92' lang='lat' dir='ltr'><strong>qui</strong></span> <span class='ocrx_word' id='word_1_147' title='bbox 1330 1504 1599 1547; x_wconf 89' lang='lat' dir='ltr'><strong>Mercurium</strong></span> <span class='ocrx_word' id='word_1_148' title='bbox 1637 1503 1777 1556; x_wconf 77' lang='lat' dir='ltr'><strong>Enbu,</strong></span> 
     </span>
     <span class='ocr_line' id='line_1_20' title="bbox 241 1575 1787 1631; baseline -0.006 -7"><span class='ocrx_word' id='word_1_149' title='bbox 241 1583 458 1624; x_wconf 86' lang='lat' dir='ltr'><strong>Venerem</strong></span> <span class='ocrx_word' id='word_1_150' title='bbox 478 1582 650 1629; x_wconf 64' lang='lat' dir='ltr'><strong>Esterd,</strong></span> <span class='ocrx_word' id='word_1_151' title='bbox 684 1579 870 1620; x_wconf 87' lang='lat' dir='ltr'><strong>Martem</strong></span> <span class='ocrx_word' id='word_1_152' title='bbox 891 1577 1033 1631; x_wconf 71' lang='lat' dir='ltr'><strong>Niriy,</strong></span> <span class='ocrx_word' id='word_1_153' title='bbox 1069 1578 1097 1618; x_wconf 90' lang='lat' dir='ltr'>J</span> <span class='ocrx_word' id='word_1_154' title='bbox 1099 1592 1223 1619; x_wconf 89' lang='lat' dir='ltr'><strong>ovem</strong></span> <span class='ocrx_word' id='word_1_155' title='bbox 1244 1578 1333 1630; x_wconf 66' lang='lat' dir='ltr'><strong>Bil,</strong></span> <span class='ocrx_word' id='word_1_156' title='bbox 1370 1578 1606 1620; x_wconf 88' lang='lat' dir='ltr'><strong>Saturnum</strong></span> <span class='ocrx_word' id='word_1_157' title='bbox 1626 1575 1787 1616; x_wconf 59' lang='lat' dir='ltr'><strong>Kewan</strong></span> 
     </span>
     <span class='ocr_line' id='line_1_21' title="bbox 243 1645 1787 1709; baseline -0.005 -14"><span class='ocrx_word' id='word_1_158' title='bbox 243 1652 480 1709; x_wconf 89' lang='lat' dir='ltr'><strong>appellant.</strong></span> <span class='ocrx_word' id='word_1_159' title='bbox 543 1652 691 1695; x_wconf 82' lang='lat' dir='ltr'><strong>Quum</strong></span> <span class='ocrx_word' id='word_1_160' title='bbox 721 1650 840 1691; x_wconf 92' lang='lat' dir='ltr'><strong>enim</strong></span> <span class='ocrx_word' id='word_1_161' title='bbox 870 1664 1030 1691; x_wconf 89' lang='lat' dir='ltr'><strong>nomen</strong></span> <span class='ocrx_word' id='word_1_162' title='bbox 1060 1649 1185 1691; x_wconf 76' lang='lat' dir='ltr'><strong>Enbu</strong></span> <span class='ocrx_word' id='word_1_163' title='bbox 1215 1663 1268 1690; x_wconf 82' lang='lat' dir='ltr'><strong>ex</strong></span> <span class='ocrx_word' id='word_1_164' title='bbox 1297 1647 1460 1704; x_wconf 87' lang='lat' dir='ltr'><strong>assyrio</strong></span> <span class='ocrx_word' id='word_1_165' title='bbox 1481 1646 1625 1697; x_wconf 62' lang='lat' dir='ltr'><strong>Naba,</strong></span> <span class='ocrx_word' id='word_1_166' title='bbox 1657 1645 1787 1701; x_wconf 69' lang='lat' dir='ltr'><strong>Niriq</strong></span> 
     </span>
     <span class='ocr_line' id='line_1_22' title="bbox 242 1718 1787 1780; baseline -0.006 -13"><span class='ocrx_word' id='word_1_167' title='bbox 242 1739 297 1767; x_wconf 85' lang='lat' dir='ltr'><strong>ex</strong></span> <span class='ocrx_word' id='word_1_168' title='bbox 325 1723 490 1780; x_wconf 66' lang='grc' dir='ltr'><em>Νὲνραῖ</em></span> <span class='ocrx_word' id='word_1_169' title='bbox 517 1721 792 1777; x_wconf 90' lang='lat' dir='ltr'><strong>corruptione</strong></span> <span class='ocrx_word' id='word_1_170' title='bbox 823 1728 964 1763; x_wconf 87' lang='lat' dir='ltr'><strong>ortum</strong></span> <span class='ocrx_word' id='word_1_171' title='bbox 995 1735 1088 1762; x_wconf 85' lang='lat' dir='ltr'><strong>esse</strong></span> <span class='ocrx_word' id='word_1_172' title='bbox 1118 1720 1327 1772; x_wconf 87' lang='lat' dir='ltr'><strong>videatur,</strong></span> <span class='ocrx_word' id='word_1_173' title='bbox 1363 1718 1615 1774; x_wconf 82' lang='lat' dir='ltr'><strong>conjiciunt,</strong></span> <span class='ocrx_word' id='word_1_174' title='bbox 1641 1718 1787 1772; x_wconf 87' lang='lat' dir='ltr'><strong>Baby-</strong></span> 
     </span>
     <span class='ocr_line' id='line_1_23' title="bbox 240 1789 1786 1848; baseline -0.005 -11"><span class='ocrx_word' id='word_1_175' title='bbox 240 1795 380 1838; x_wconf 88' lang='lat' dir='ltr'><strong>lonios</strong></span> <span class='ocrx_word' id='word_1_176' title='bbox 416 1795 604 1836; x_wconf 90' lang='lat' dir='ltr'><strong>Martem</strong></span> <span class='ocrx_word' id='word_1_177' title='bbox 641 1793 861 1848; x_wconf 88' lang='lat' dir='ltr'><strong>planetam</strong></span> <span class='ocrx_word' id='word_1_178' title='bbox 902 1806 1002 1833; x_wconf 90' lang='lat' dir='ltr'><strong>cum</strong></span> <span class='ocrx_word' id='word_1_179' title='bbox 1042 1792 1122 1833; x_wconf 92' lang='lat' dir='ltr'><strong>deo</strong></span> <span class='ocrx_word' id='word_1_180' title='bbox 1159 1792 1342 1846; x_wconf 58' lang='lat' dir='ltr'><strong>Nerqal,</strong></span> <span class='ocrx_word' id='word_1_181' title='bbox 1383 1789 1650 1832; x_wconf 90' lang='lat' dir='ltr'><strong>Mercurium</strong></span> <span class='ocrx_word' id='word_1_182' title='bbox 1682 1792 1786 1830; x_wconf 76' lang='lat' dir='ltr'><strong>‘cum</strong></span> 
     </span>
     <span class='ocr_line' id='line_1_24' title="bbox 242 1858 1787 1921; baseline -0.005 -12"><span class='ocrx_word' id='word_1_183' title='bbox 242 1868 322 1909; x_wconf 84' lang='grc'>(100</span> <span class='ocrx_word' id='word_1_184' title='bbox 353 1867 479 1908; x_wconf 70' lang='grc' dir='ltr'><strong>Ναόά</strong></span> <span class='ocrx_word' id='word_1_185' title='bbox 516 1864 755 1906; x_wconf 89' lang='lat' dir='ltr'><strong>miscuisse.</strong></span> <span class='ocrx_word' id='word_1_186' title='bbox 821 1864 949 1908; x_wconf 85' lang='lat' dir='ltr'><strong>Quod</strong></span> <span class='ocrx_word' id='word_1_187' title='bbox 989 1863 1160 1905; x_wconf 82' lang='lat' dir='ltr'><strong>videtur</strong></span> <span class='ocrx_word' id='word_1_188' title='bbox 1198 1862 1436 1918; x_wconf 87' lang='lat' dir='ltr'><strong>probabile.</strong></span> <span class='ocrx_word' id='word_1_189' title='bbox 1507 1860 1656 1921; x_wconf 85' lang='lat' dir='ltr'><strong>Minus</strong></span> <span class='ocrx_word' id='word_1_190' title='bbox 1696 1858 1787 1901; x_wconf 88' lang='lat' dir='ltr'><strong>evi-</strong></span> 
     </span>
     <span class='ocr_line' id='line_1_25' title="bbox 245 1931 1786 1991; baseline -0.005 -11"><span class='ocrx_word' id='word_1_191' title='bbox 245 1940 352 1981; x_wconf 90' lang='lat' dir='ltr'><strong>dens</strong></span> <span class='ocrx_word' id='word_1_192' title='bbox 383 1944 460 1991; x_wconf 87' lang='lat' dir='ltr'><strong>est,</strong></span> <span class='ocrx_word' id='word_1_193' title='bbox 496 1937 674 1979; x_wconf 89' lang='lat' dir='ltr'><strong>nomine</strong></span> <span class='ocrx_word' id='word_1_194' title='bbox 704 1936 801 1989; x_wconf 65' lang='lat' dir='ltr'><strong>Biz,</strong></span> <span class='ocrx_word' id='word_1_195' title='bbox 836 1935 952 1990; x_wconf 90' lang='lat' dir='ltr'><strong>quod</strong></span> <span class='ocrx_word' id='word_1_196' title='bbox 972 1935 1093 1976; x_wconf 87' lang='lat' dir='ltr'><strong>Jovis</strong></span> <span class='ocrx_word' id='word_1_197' title='bbox 1123 1941 1186 1976; x_wconf 89' lang='lat' dir='ltr'><strong>est</strong></span> <span class='ocrx_word' id='word_1_198' title='bbox 1215 1934 1332 1990; x_wconf 89' lang='lat' dir='ltr'><strong>apud</strong></span> <span class='ocrx_word' id='word_1_199' title='bbox 1351 1933 1607 1984; x_wconf 86' lang='lat' dir='ltr'><strong>Mandaeos,</strong></span> <span class='ocrx_word' id='word_1_200' title='bbox 1641 1931 1786 1986; x_wconf 88' lang='lat' dir='ltr'><strong>Baby-</strong></span> 
     </span>
     <span class='ocr_line' id='line_1_26' title="bbox 241 2001 1789 2062; baseline -0.006 -10"><span class='ocrx_word' id='word_1_201' title='bbox 241 2010 459 2052; x_wconf 88' lang='lat' dir='ltr'><strong>loniorum</strong></span> <span class='ocrx_word' id='word_1_202' title='bbox 490 2009 621 2050; x_wconf 87' lang='lat' dir='ltr'><strong>deum</strong></span> <span class='ocrx_word' id='word_1_203' title='bbox 650 2007 838 2050; x_wconf 74' lang='lat' dir='ltr'><strong>Marduk</strong></span> <span class='ocrx_word' id='word_1_204' title='bbox 875 2006 1112 2062; x_wconf 85' lang='lat' dir='ltr'><strong>significari</strong></span> <span class='ocrx_word' id='word_1_205' title='bbox 1125 2009 1154 2059; x_wconf 77' lang='lat'><strong>²³,</strong></span> <span class='ocrx_word' id='word_1_206' title='bbox 1224 2005 1272 2047; x_wconf 91' lang='lat' dir='ltr'><strong>ui</strong></span> <span class='ocrx_word' id='word_1_207' title='bbox 1313 2019 1415 2047; x_wconf 87' lang='lat' dir='ltr'><strong>sane</strong></span> <span class='ocrx_word' id='word_1_208' title='bbox 1454 2003 1676 2045; x_wconf 87' lang='lat' dir='ltr'><strong>interdum</strong></span> <span class='ocrx_word' id='word_1_209' title='bbox 1704 2001 1789 2044; x_wconf 60' lang='lat' dir='ltr'><strong>Bel</strong></span> 
     </span>
     <span class='ocr_line' id='line_1_27' title="bbox 243 2073 1786 2133; baseline -0.005 -10"><span class='ocrx_word' id='word_1_210' title='bbox 243 2087 418 2123; x_wconf 86' lang='lat' dir='ltr'><strong>vocatus</strong></span> <span class='ocrx_word' id='word_1_211' title='bbox 458 2095 549 2122; x_wconf 90' lang='grc'>0880</span> <span class='ocrx_word' id='word_1_212' title='bbox 589 2080 784 2131; x_wconf 89' lang='lat' dir='ltr'><strong>videtur,</strong></span> <span class='ocrx_word' id='word_1_213' title='bbox 827 2093 976 2120; x_wconf 88' lang='lat' dir='ltr'><strong>verum</strong></span> <span class='ocrx_word' id='word_1_214' title='bbox 1020 2077 1236 2133; x_wconf 90' lang='lat' dir='ltr'><strong>principio</strong></span> <span class='ocrx_word' id='word_1_215' title='bbox 1278 2083 1321 2119; x_wconf 90' lang='lat' dir='ltr'><strong>et</strong></span> <span class='ocrx_word' id='word_1_216' title='bbox 1358 2075 1612 2131; x_wconf 91' lang='lat' dir='ltr'><strong>plerumque</strong></span> <span class='ocrx_word' id='word_1_217' title='bbox 1654 2073 1786 2115; x_wconf 89' lang='lat' dir='ltr'><strong>etiam</strong></span> 
     </span>
     <span class='ocr_line' id='line_1_28' title="bbox 242 2146 1787 2209; baseline -0.005 -15"><span class='ocrx_word' id='word_1_218' title='bbox 242 2151 549 2209; x_wconf 87' lang='lat' dir='ltr'><strong>posterioribus</strong></span> <span class='ocrx_word' id='word_1_219' title='bbox 578 2150 845 2206; x_wconf 87' lang='lat' dir='ltr'><strong>temporibus</strong></span> <span class='ocrx_word' id='word_1_220' title='bbox 877 2150 1069 2191; x_wconf 90' lang='lat' dir='ltr'><strong>diversus</strong></span> <span class='ocrx_word' id='word_1_221' title='bbox 1100 2151 1153 2191; x_wconf 89' lang='lat' dir='ltr'><strong>ab</strong></span> <span class='ocrx_word' id='word_1_222' title='bbox 1184 2149 1259 2191; x_wconf 93' lang='lat' dir='ltr'><strong>illo</strong></span> <span class='ocrx_word' id='word_1_223' title='bbox 1289 2149 1395 2190; x_wconf 86' lang='lat' dir='ltr'><strong>deus</strong></span> <span class='ocrx_word' id='word_1_224' title='bbox 1416 2152 1495 2188; x_wconf 90' lang='lat' dir='ltr'><strong>est.</strong></span> <span class='ocrx_word' id='word_1_225' title='bbox 1550 2146 1787 2188; x_wconf 87' lang='lat' dir='ltr'><strong>Saturnum</strong></span> 
     </span>
     <span class='ocr_line' id='line_1_29' title="bbox 245 2216 1786 2278; baseline -0.006 -12"><span class='ocrx_word' id='word_1_226' title='bbox 245 2223 315 2266; x_wconf 91' lang='lat' dir='ltr'><strong>dei</strong></span> <span class='ocrx_word' id='word_1_227' title='bbox 345 2223 483 2266; x_wconf 59' lang='lat' dir='ltr'><strong>Nineb</strong></span> <span class='ocrx_word' id='word_1_228' title='bbox 523 2223 672 2278; x_wconf 76' lang='grc' dir='ltr'><strong>(Λάαν)</strong></span> <span class='ocrx_word' id='word_1_229' title='bbox 703 2222 924 2277; x_wconf 88' lang='lat' dir='ltr'><strong>planetam</strong></span> <span class='ocrx_word' id='word_1_230' title='bbox 953 2221 1099 2274; x_wconf 81' lang='lat' dir='ltr'><strong>fuisse,</strong></span> <span class='ocrx_word' id='word_1_231' title='bbox 1137 2221 1240 2262; x_wconf 88' lang='lat' dir='ltr'><strong>inde</strong></span> <span class='ocrx_word' id='word_1_232' title='bbox 1269 2218 1498 2275; x_wconf 87' lang='lat' dir='ltr'><strong>praecipue</strong></span> <span class='ocrx_word' id='word_1_233' title='bbox 1528 2216 1786 2259; x_wconf 88' lang='lat' dir='ltr'><strong>concludere</strong></span> 
     </span>
     <span class='ocr_line' id='line_1_30' title="bbox 246 2288 1786 2349; baseline -0.005 -12"><span class='ocrx_word' id='word_1_234' title='bbox 246 2295 401 2348; x_wconf 87' lang='lat' dir='ltr'><strong>solent,</strong></span> <span class='ocrx_word' id='word_1_235' title='bbox 436 2294 566 2349; x_wconf 89' lang='lat' dir='ltr'><strong>quod,</strong></span> <span class='ocrx_word' id='word_1_236' title='bbox 601 2292 754 2336; x_wconf 90' lang='lat' dir='ltr'><strong>ceteris</strong></span> <span class='ocrx_word' id='word_1_237' title='bbox 776 2293 962 2349; x_wconf 90' lang='lat' dir='ltr'><strong>planetis</strong></span> <span class='ocrx_word' id='word_1_238' title='bbox 993 2292 1081 2334; x_wconf 86' lang='lat' dir='ltr'><strong>illis</strong></span> <span class='ocrx_word' id='word_1_239' title='bbox 1112 2291 1196 2334; x_wconf 87' lang='lat' dir='ltr'><strong>diis</strong></span> <span class='ocrx_word' id='word_1_240' title='bbox 1218 2289 1479 2343; x_wconf 82' lang='lat' dir='ltr'><strong>distributis,</strong></span> <span class='ocrx_word' id='word_1_241' title='bbox 1503 2288 1640 2331; x_wconf 55' lang='lat' dir='ltr'><strong>Ninab</strong></span> <span class='ocrx_word' id='word_1_242' title='bbox 1669 2302 1786 2330; x_wconf 89' lang='lat' dir='ltr'><strong>unus</strong></span> 
     </span>
    </p>
   </div>
   <div class='ocr_carea' id='block_1_3' title="bbox 248 2401 521 2406">
    <p class='ocr_par' dir='ltr' id='par_1_3' title="bbox 248 2401 521 2406">
     <span class='ocr_line' id='line_1_31' title="bbox 248 2401 521 2406; baseline 0 0"><span class='ocrx_word' id='word_1_243' title='bbox 248 2401 521 2406; x_wconf 95' lang='lat' dir='ltr'><strong> </strong></span> 
     </span>
    </p>
   </div>
   <div class='ocr_carea' id='block_1_4' title="bbox 246 2458 1787 2741">
    <p class='ocr_par' dir='ltr' id='par_1_4' title="bbox 246 2458 1787 2682">
     <span class='ocr_line' id='line_1_32' title="bbox 339 2458 1787 2512; baseline -0.005 -11"><span class='ocrx_word' id='word_1_244' title='bbox 339 2468 371 2508; x_wconf 95' lang='lat'><strong>1)</strong></span> <span class='ocrx_word' id='word_1_245' title='bbox 398 2466 651 2512; x_wconf 86' lang='lat' dir='ltr'><strong>Ideogramma</strong></span> <span class='ocrx_word' id='word_1_246' title='bbox 679 2464 787 2500; x_wconf 84' lang='lat' dir='ltr'><strong>deum</strong></span> <span class='ocrx_word' id='word_1_247' title='bbox 811 2464 1021 2510; x_wconf 81' lang='lat' dir='ltr'><strong>significans</strong></span> <span class='ocrx_word' id='word_1_248' title='bbox 1046 2462 1153 2498; x_wconf 83' lang='lat' dir='ltr'><strong>stella</strong></span> <span class='ocrx_word' id='word_1_249' title='bbox 1176 2466 1241 2506; x_wconf 88' lang='lat' dir='ltr'><strong>est,</strong></span> <span class='ocrx_word' id='word_1_250' title='bbox 1270 2460 1397 2498; x_wconf 84' lang='lat' dir='ltr'><strong>stellae</strong></span> <span class='ocrx_word' id='word_1_251' title='bbox 1414 2460 1665 2507; x_wconf 77' lang='lat' dir='ltr'><strong>significantur</strong></span> <span class='ocrx_word' id='word_1_252' title='bbox 1681 2458 1787 2504; x_wconf 81' lang='lat' dir='ltr'><strong>signo</strong></span> 
     </span>
     <span class='ocr_line' id='line_1_33' title="bbox 246 2515 1787 2568; baseline -0.006 -9"><span class='ocrx_word' id='word_1_253' title='bbox 246 2537 291 2560; x_wconf 84' lang='lat' dir='ltr'><strong>ex</strong></span> <span class='ocrx_word' id='word_1_254' title='bbox 313 2523 432 2559; x_wconf 85' lang='lat' dir='ltr'><strong>tribus</strong></span> <span class='ocrx_word' id='word_1_255' title='bbox 457 2522 573 2559; x_wconf 87' lang='lat' dir='ltr'><strong>stellis</strong></span> <span class='ocrx_word' id='word_1_256' title='bbox 598 2521 809 2568; x_wconf 86' lang='lat' dir='ltr'><strong>composito.</strong></span> <span class='ocrx_word' id='word_1_257' title='bbox 857 2521 967 2560; x_wconf 85' lang='lat' dir='ltr'><strong>Quod</strong></span> <span class='ocrx_word' id='word_1_258' title='bbox 991 2520 1129 2557; x_wconf 81' lang='lat' dir='ltr'><strong>suffieit</strong></span> <span class='ocrx_word' id='word_1_259' title='bbox 1160 2519 1206 2555; x_wconf 88' lang='lat' dir='ltr'><strong>ad</strong></span> <span class='ocrx_word' id='word_1_260' title='bbox 1237 2518 1476 2566; x_wconf 86' lang='lat' dir='ltr'><strong>probandum,</strong></span> <span class='ocrx_word' id='word_1_261' title='bbox 1503 2515 1787 2563; x_wconf 84' lang='lat' dir='ltr'><strong>Babyloniorum</strong></span> 
     </span>
     <span class='ocr_line' id='line_1_34' title="bbox 247 2572 1787 2627; baseline -0.005 -11"><span class='ocrx_word' id='word_1_262' title='bbox 247 2581 334 2616; x_wconf 83' lang='lat' dir='ltr'><strong>deos</strong></span> <span class='ocrx_word' id='word_1_263' title='bbox 358 2593 400 2616; x_wconf 91' lang='lat' dir='ltr'><strong>eo</strong></span> <span class='ocrx_word' id='word_1_264' title='bbox 424 2584 605 2627; x_wconf 87' lang='lat' dir='ltr'><strong>tempore,</strong></span> <span class='ocrx_word' id='word_1_265' title='bbox 637 2591 709 2626; x_wconf 92' lang='lat' dir='ltr'><strong>quo</strong></span> <span class='ocrx_word' id='word_1_266' title='bbox 733 2579 863 2615; x_wconf 84' lang='lat' dir='ltr'><strong>literae</strong></span> <span class='ocrx_word' id='word_1_267' title='bbox 887 2585 1061 2614; x_wconf 80' lang='lat' dir='ltr'><strong>cuneatae</strong></span> <span class='ocrx_word' id='word_1_268' title='bbox 1086 2577 1255 2614; x_wconf 86' lang='lat' dir='ltr'><strong>inventae</strong></span> <span class='ocrx_word' id='word_1_269' title='bbox 1279 2581 1384 2618; x_wconf 87' lang='lat' dir='ltr'><strong>sunt,</strong></span> <span class='ocrx_word' id='word_1_270' title='bbox 1412 2574 1526 2611; x_wconf 83' lang='lat' dir='ltr'><strong>fuisse</strong></span> <span class='ocrx_word' id='word_1_271' title='bbox 1551 2572 1696 2616; x_wconf 81' lang='lat' dir='ltr'><strong>stellas,</strong></span> <span class='ocrx_word' id='word_1_272' title='bbox 1723 2576 1787 2608; x_wconf 86' lang='lat' dir='ltr'><strong>aut</strong></span> 
     </span>
     <span class='ocr_line' id='line_1_35' title="bbox 248 2635 1020 2682; baseline 0 -10"><span class='ocrx_word' id='word_1_273' title='bbox 248 2650 330 2673; x_wconf 88' lang='lat' dir='ltr'><strong>cum</strong></span> <span class='ocrx_word' id='word_1_274' title='bbox 354 2637 474 2674; x_wconf 86' lang='lat' dir='ltr'><strong>stellis</strong></span> <span class='ocrx_word' id='word_1_275' title='bbox 497 2642 597 2674; x_wconf 85' lang='lat' dir='ltr'><strong>arcto</strong></span> <span class='ocrx_word' id='word_1_276' title='bbox 621 2635 768 2673; x_wconf 87' lang='lat' dir='ltr'><strong>vinculo</strong></span> <span class='ocrx_word' id='word_1_277' title='bbox 793 2636 1020 2682; x_wconf 83' lang='lat' dir='ltr'><strong>conjunctos.</strong></span> 
     </span>
    </p>

    <p class='ocr_par' dir='ltr' id='par_1_5' title="bbox 339 2688 1787 2741">
     <span class='ocr_line' id='line_1_36' title="bbox 339 2688 1787 2741; baseline -0.005 -12"><span class='ocrx_word' id='word_1_278' title='bbox 339 2696 373 2739; x_wconf 85' lang='lat'><strong>2)</strong></span> <span class='ocrx_word' id='word_1_279' title='bbox 399 2694 593 2741; x_wconf 83' lang='lat' dir='ltr'><strong>Babylonii</strong></span> <span class='ocrx_word' id='word_1_280' title='bbox 616 2693 732 2740; x_wconf 87' lang='lat' dir='ltr'><strong>igitur</strong></span> <span class='ocrx_word' id='word_1_281' title='bbox 755 2705 828 2729; x_wconf 91' lang='lat' dir='ltr'><strong>non</strong></span> <span class='ocrx_word' id='word_1_282' title='bbox 859 2692 1089 2738; x_wconf 83' lang='lat' dir='ltr'><strong>ignorabant,</strong></span> <span class='ocrx_word' id='word_1_283' title='bbox 1126 2692 1331 2738; x_wconf 84' lang='lat' dir='ltr'><strong>Hesperum</strong></span> <span class='ocrx_word' id='word_1_284' title='bbox 1363 2693 1400 2725; x_wconf 89' lang='lat' dir='ltr'><strong>et</strong></span> <span class='ocrx_word' id='word_1_285' title='bbox 1430 2688 1643 2726; x_wconf 81' lang='lat' dir='ltr'><strong>Luciferum</strong></span> <span class='ocrx_word' id='word_1_286' title='bbox 1677 2698 1787 2723; x_wconf 79' lang='lat' dir='ltr'><strong>unam</strong></span> 
     </span>
    </p>
   </div>
   <div class='ocr_carea' id='block_1_5' title="bbox 247 2750 1338 2854">
    <p class='ocr_par' dir='ltr' id='par_1_6' title="bbox 247 2750 1338 2854">
     <span class='ocr_line' id='line_1_37' title="bbox 247 2750 503 2788; baseline 0 -1"><span class='ocrx_word' id='word_1_287' title='bbox 247 2762 325 2788; x_wconf 82' lang='lat' dir='ltr'><strong>esse</strong></span> <span class='ocrx_word' id='word_1_288' title='bbox 349 2750 503 2787; x_wconf 86' lang='lat' dir='ltr'><strong>stellam.</strong></span> 
     </span>
     <span class='ocr_line' id='line_1_38' title="bbox 340 2805 1338 2854; baseline -0.006 -10"><span class='ocrx_word' id='word_1_289' title='bbox 340 2811 373 2854; x_wconf 89' lang='lat'><strong>3)</strong></span> <span class='ocrx_word' id='word_1_290' title='bbox 400 2808 646 2852; x_wconf 85' lang='lat' dir='ltr'><strong>Schrader,</strong></span> <span class='ocrx_word' id='word_1_291' title='bbox 675 2806 823 2844; x_wconf 75' lang='lat' dir='ltr'><strong>Studien</strong></span> <span class='ocrx_word' id='word_1_292' title='bbox 848 2819 881 2843; x_wconf 79' lang='lat' dir='ltr'><strong>u.</strong></span> <span class='ocrx_word' id='word_1_293' title='bbox 907 2807 975 2842; x_wconf 82' lang='lat' dir='ltr'><strong>Kr.</strong></span> <span class='ocrx_word' id='word_1_294' title='bbox 1003 2807 1090 2842; x_wconf 88' lang='grc'>1874</span> <span class='ocrx_word' id='word_1_295' title='bbox 1115 2805 1134 2839; x_wconf 93' lang='grc' dir='ltr'>Ι</span> <span class='ocrx_word' id='word_1_296' title='bbox 1158 2815 1241 2851; x_wconf 83' lang='lat' dir='ltr'><strong>pag.</strong></span> <span class='ocrx_word' id='word_1_297' title='bbox 1261 2806 1338 2839; x_wconf 85' lang='lat'><strong>341.</strong></span> 
     </span>
    </p>
   </div>
  </div>
 </body>
</html>
