1904 3216
873 170 1156 218 -—‘36—

363 287 493 329 Dicat
522 288 757 343 quispiam:
794 288 897 342 quid
927 296 1004 342 est,
1041 305 1117 332 cur
1145 290 1182 332 is
1213 292 1316 333 ordo
1345 293 1617 347 planetarum
1645 296 1783 351 baby-

249 359 417 402 lonicus
454 373 544 400 non
581 358 794 414 principio
833 359 914 401 hac
950 360 1043 416 ipsa
1082 362 1247 404 ratione
1284 363 1634 419 (magnitudinis1
1665 365 1773 422 dico)

250 430 510 473 constitutus
530 429 794 483 minimeque
815 445 868 472 ex
890 431 997 473 serie
1024 431 1064 488 ζ
1095 434 1147 487 &¹
1180 432 1214 488 {¹}
1248 433 1296 489 Z.
1328 433 1367 488 ῼ
1399 434 1444 491 b
1470 436 1526 491 Q
1547 443 1666 478 ortus
1687 450 1781 480 esse

248 501 516 543 existimetur
527 503 546 541 ⁶?
594 500 721 544 Quod
746 501 891 542 minus
910 503 1131 557 probabile
1152 510 1228 556 est,
1264 504 1365 558 quia
1384 505 1459 547 illa
1489 507 1618 549 series
1648 507 1781 550 lumi-

246 587 353 613 num
381 572 652 627 planetarum
680 586 770 613 non
799 572 902 614 satis
933 580 1048 615 certa
1078 580 1162 625 est,
1207 581 1258 616 ut
1287 575 1481 618 ordinem
1509 577 1779 632 planetarum

244 643 347 684 inde
385 642 559 684 duxisse
588 642 850 697 Babylonios
886 643 1119 686 verisimile
1154 644 1304 687 haberi
1341 647 1491 702 possit.
1552 649 1779 690 Accedunt

243 714 365 755 haec.
426 713 597 755 Ruinae
626 712 777 769 templi
807 714 1121 770 Borsippensis,
1158 730 1267 770 quae
1288 717 1389 759 Birs
1409 718 1594 760 Nimrud
1619 733 1778 761 vocan-

243 793 336 837 tur⁷
387 784 511 839 cujus
558 784 707 840 templi
746 785 833 826 VII
876 785 1069 827 tabulata
1113 786 1292 828 diversis
1336 788 1548 831 coloribus
1592 789 1775 846 singulis

242 855 427 911 planetis
448 856 656 898 attributa
677 862 797 898 erant
808 857 836 908 2,
874 856 1031 898 docent
1052 857 1246 899 ordinem
1272 857 1312 914 ζ
1352 858 1386 914 {5
1425 859 1464 915 ῼ
1491 860 1548 916 Θ
1567 862 1621 916 <3¹
1646 860 1695 917 21.
1722 861 1767 918 ᾖ

242 926 495 982 Babyloniis
515 926 649 968 fuisse
669 933 836 980 notum,
870 933 999 980 atque
1019 935 1165 982 portae
1186 928 1493 972 Thebarum
1506 933 1535 984 3,
1570 930 1773 974 Boeotiae

241 998 411 1053 oppidi,
445 1013 470 1039 a
500 997 664 1039 colonis
696 997 912 1040 Semiticis
943 998 1128 1051 conditi,
1166 999 1325 1055 quippe
1356 1015 1464 1055 quae
1495 1009 1661 1057 septem
1691 1002 1773 1045 diis

238 1069 534 1125 planetarum,
584 1068 878 1111 meridionalis
924 1069 1015 1111 Soli
1064 1071 1302 1126 (Apollini),
1359 1072 1579 1114 orientalis
1623 1073 1774 1116 Lunae

245 1140 456 1195 (Dianae),
502 1147 729 1194 sequentes
759 1140 908 1191 Marti,
945 1141 1177 1194 Mercurio,
1213 1142 1334 1194 Jovi,
1370 1144 1550 1198 Veneri,
1587 1144 1772 1187 Saturno

237 1226 379 1253 sacrae
409 1210 596 1257 fuerint,
642 1212 958 1264 demonstrant,
991 1212 1123 1253 etiam
1153 1213 1347 1254 ordinem
1383 1213 1423 1269 (ζ
1462 1216 1515 1269 (3¹
1556 1214 1591 1271 ξ
1634 1215 1682 1271 21.
1722 1215 1763 1271 ῼ

239 1282 285 1339 ‘D
311 1282 385 1338 Θ
418 1296 471 1323 ex
499 1281 575 1323 illo
608 1278 807 1335 ductum,
839 1282 930 1337 jam
961 1283 1199 1337 antiquitus
1229 1299 1254 1326 a
1282 1285 1455 1340 populis
1486 1285 1772 1329 Semiticis

235 1354 463 1395 inventum
493 1367 600 1395 esse.
661 1353 907 1396 Thebarum
937 1354 1179 1397 conditores
1209 1355 1448 1398 Phoenices
1485 1357 1619 1400 fuisse
1657 1358 1772 1400 veri-

235 1424 377 1467 simile
409 1431 496 1477 est,
529 1424 768 1467 Phoenices
799 1432 944 1467 autem
974 1425 1099 1466 illum
1128 1425 1399 1480 planetarum
1429 1428 1625 1471 ordinem
1655 1435 1771 1471 certe

232 1511 322 1538 non
351 1495 436 1551 ipsi
464 1495 736 1548 invenerunt,
774 1497 849 1538 sed
875 1511 928 1538 ex
948 1495 1188 1551 Babylonia
1208 1504 1481 1552 acceperunt,
1514 1499 1767 1555 astrologiae

232 1575 275 1609 et
305 1566 440 1608 studii
469 1567 742 1621 planetarum
770 1566 923 1622 patria.
989 1567 1142 1621 Itaque
1171 1568 1393 1622 probabile
1431 1569 1541 1611 mihi
1577 1570 1762 1625 videtur,

229 1638 493 1693 Babylonios
523 1638 837 1680 hebdomadem
866 1637 1166 1692 astrologicam
1192 1639 1424 1692 invenisse,
1458 1640 1581 1695 cujus
1600 1641 1767 1697 primus

230 1709 320 1751 dies
349 1710 500 1751 Lunae
530 1716 654 1759 esset,
690 1708 871 1750 ultimus
901 1708 1052 1751 Solis4.

344 1781 399 1822 In
426 1780 697 1822 hebdomade
726 1779 980 1834 astrologica
1020 1780 1188 1822 sabbati
1234 1780 1334 1835 (diei
1372 1781 1459 1823 otio
1498 1781 1756 1838 celebrandi)

227 1852 346 1894 locus
375 1866 465 1893 non
496 1859 573 1894 est.
635 1850 827 1893 Ultimus
858 1850 964 1903 dies,
1008 1850 1097 1892 sive
1130 1851 1254 1904 Solis,
1300 1852 1389 1894 sive
1428 1852 1621 1896 Nebonis
1659 1853 1761 1908 fuit,

228 1938 305 1964 cur
335 1923 427 1964 dies
460 1923 618 1977 quietis
649 1921 800 1974 fuerit,
835 1921 882 1962 in
910 1921 1067 1963 horum
1097 1923 1275 1964 deorum
1314 1930 1469 1965 natura
1509 1938 1637 1966 causa
1672 1939 1761 1967 non

225 1994 460 2036 invenitur.
531 1994 614 2036 Dei
659 2000 806 2035 autem
847 1993 983 2035 Nineb
1029 1993 1120 2035 dies
1171 1995 1238 2048 (=
1269 1994 1361 2037 dies
1397 1994 1584 2049 Saturni)
1630 1995 1761 2038 etiam

320 2110 350 2151 1)
386 2107 468 2144 Sive
501 2119 567 2154 pro
598 2106 747 2141 luminis
780 2106 1067 2153 uniuscujusque
1099 2106 1213 2153 copia.
1269 2107 1409 2142 Lunam
1440 2106 1517 2142 Soli
1548 2107 1761 2144 antecedere

224 2164 397 2212 oportuit,
426 2163 524 2210 quod
546 2164 683 2209 majore
707 2163 746 2198 in
776 2163 913 2198 honore
944 2162 1015 2198 fuit
1044 2168 1081 2198 et
1111 2169 1221 2199 noctu
1251 2163 1353 2199 nullo
1383 2163 1522 2199 lumine
1552 2170 1756 2210 superatur,

222 2221 340 2257 noctis
365 2226 487 2256 autem
509 2220 649 2255 lumina
673 2219 849 2265 astrologi
864 2219 1019 2255 maxime
1043 2220 1226 2255 curabant.
1266 2221 1390 2255 Venus
1413 2220 1559 2266 quidem
1575 2220 1757 2258 interdum

222 2278 365 2324 fulgore
391 2282 537 2324 superat
559 2276 695 2319 Jovem,
724 2276 825 2311 Mars
851 2276 1055 2318 Saturnum,
1085 2277 1147 2311 sed
1172 2277 1315 2323 saepius
1329 2277 1431 2312 Jovis
1455 2282 1492 2312 et
1509 2276 1655 2313 Saturni
1677 2278 1759 2325 ple-

221 2336 302 2371 nior
323 2335 388 2370 lux
411 2334 567 2370 videtur.

312 2397 345 2437 2)
370 2394 541 2429 Infimum
555 2392 671 2438 nigris
692 2394 772 2435 (b),
802 2393 999 2428 secundum
1014 2392 1125 2429 luteis
1145 2396 1223 2437 (a),
1250 2392 1312 2427 III
1327 2393 1447 2429 rubris
1465 2395 1540 2438 (ὅ),
1568 2394 1621 2429 IV
1636 2394 1758 2431 aureis

223 2455 304 2496 (Θ),
338 2452 370 2486 V
394 2450 487 2486 albis
511 2453 592 2493 (Ω),
627 2449 679 2484 VI
703 2448 878 2485 caeruleis
907 2453 988 2493 (ξι),
1025 2460 1201 2485 summum
1224 2449 1406 2495 argenteis
1431 2452 1498 2492 (Q)
1526 2449 1672 2487 laminis
1695 2451 1754 2487 in-

220 2509 327 2544 ducta
359 2509 511 2543 fuerunt
545 2506 712 2552 (Henry
741 2505 1039 2550 Rawlinson).
1078 2507 1122 2542 V.
1151 2507 1191 2542 G.
1215 2505 1444 2550 Rawlinson,
1472 2506 1534 2542 the
1559 2507 1627 2543 five
1651 2513 1754 2553 great

216 2564 452 2607 monarchias,
478 2564 519 2599 ΙΙ
542 2565 619 2598 546.

309 2624 339 2665 3)
368 2622 411 2656 V.
438 2620 634 2656 Brandis
659 2619 699 2654 in
722 2620 909 2662 „Her7ne3⁴‘
932 2620 971 2654 H
996 2621 1061 2654 259
1080 2631 1158 2666 sqq.

306 2681 339 2721 4)
367 2678 486 2716 Quam
509 2678 548 2712 in
572 2676 781 2723 opinionem
804 2675 881 2712 solo
898 2675 1026 2722 templi
1042 2675 1297 2722 Borsippensis
1312 2676 1521 2712 testimonio
1539 2676 1751 2713 adducerer.

172 2763 178 2771 s
215 2736 271 2770 De
303 2735 419 2781 portis
451 2734 657 2769 Thebarum
690 2732 895 2776 dubitatur,
938 2733 981 2768 cf.
1015 2732 1225 2774 Baudissin,
1269 2733 1415 2768 Studien
1446 2746 1509 2770 zur
1538 2735 1752 2770 semitiscken

215 2791 605 2837 Reliyionsyesch'iclcte,
634 2791 673 2825 II
698 2791 763 2825 263
781 2794 855 2824 not.
