1904 3216
730 206 1013 246 -27-

96 334 152 362 ex
180 318 284 372 diis,
328 319 405 374 qui
444 319 631 375 planetis
661 333 861 375 praeesse
900 319 1138 362 existimati
1170 319 1280 373 sint,
1325 318 1529 375 supersit.
1593 320 1652 361 At

96 406 183 448 qua
210 406 258 434 re
289 391 493 445 efficitur,
528 391 753 434 Ninebum
782 390 831 432 in
862 406 912 434 eo
942 406 1126 434 numero
1156 391 1322 434 fuisse‘?

210 464 289 507 Est
325 464 476 506 tabula
515 464 703 520 assyria,
740 463 788 505 in
831 478 916 518 qua
956 464 1162 507 undecim
1194 464 1375 506 deorum
1405 463 1652 519 ideogram—

94 535 224 580 matis
253 536 460 592 adscripti
490 543 595 579 sunt
624 536 672 578 hi
700 536 895 578 numeri:

438 609 524 651 LX
573 613 626 648 ila
655 608 801 650 Anim.

482 681 520 723 L
570 686 623 721 ila
650 681 747 723 Βέἶ.

437 754 521 796 XL
571 758 624 793 ila
653 742 738 796 Ea.

380 826 521 868 XXX
570 830 623 866 ilu
652 825 744 885 Sin.

427 899 522 941 XX
570 904 623 939 ica
651 880 819 940 S'amas.

457 971 521 1012 VI
570 974 624 1010 ila
652 971 840 1012 Ramdn.

419 1043 541 1098 [XI]¹
572 1047 623 1082 ilu
651 1042 854 1085 Marduk.

394 1115 540 1170 [X]V2
569 1120 620 1155 ilu
648 1116 784 1158 Ῑὲἰαν.

483 1187 521 1229 L
570 1192 623 1228 ilu
652 1187 807 1231 Nineb.

407 1259 541 1302 XIV3
570 1265 624 1300 ilu
654 1261 830 1316 Νένῃαῖ.

474 1333 518 1374 Χ
570 1338 621 1373 ilu
655 1332 776 1375 Gibil
802 1337 854 1373 ilu
885 1332 1050 1375 Nusku.

95 1405 219 1449 Quae
267 1403 416 1446 tabula
461 1419 547 1459 quo
591 1404 774 1447 consilio
820 1405 877 1447 sit
925 1404 1111 1460 scripta,
1165 1420 1255 1447 non
1293 1412 1424 1447 *certo
1473 1405 1650 1458 scimus,

93 1490 229 1531 quum
267 1475 396 1518 tertia
424 1482 546 1531 parte
576 1476 754 1518 sinistra
794 1476 987 1519 defracta
1025 1492 1168 1532 neque
1211 1478 1520 1520 antecedentes
1558 1492 1654 1519 eam

94 1553 286 1604 partem,
330 1562 416 1603 qua
456 1548 520 1590 dii
560 1555 894 1602 enumerantur,
942 1549 1270 1591 enuntiationes
1319 1564 1462 1604 neque
1501 1564 1655 1592 conse—

95 1626 280 1675 quentes
309 1634 452 1675 neque
483 1620 671 1677 singulis
703 1621 786 1664 diis
817 1621 1060 1678 adscriptae
1090 1622 1220 1677 plane
1242 1621 1433 1678 intelligi
1455 1621 1648 1677 possint:

94 1690 329 1735 verisimile
358 1698 507 1735 tamen
537 1700 618 1747 est,
652 1694 708 1736 ad
738 1709 831 1736 rem
861 1693 1153 1736 calendariam
1174 1709 1270 1737 eam
1290 1693 1523 1750 pertinere.
1576 1694 1655 1737 Dii

94 1764 143 1806 in
173 1779 225 1807 ea
262 1773 578 1808 enumerantur
616 1766 770 1808 eodem
806 1766 959 1808 ordine
1001 1773 1130 1822 atque
1169 1766 1217 1808 in
1256 1766 1384 1809 initio
1426 1766 1654 1809 annalium

97 1835 435 1879 Sahnanassaris
465 1838 513 1880 II
540 1837 719 1893 (Obel.),
753 1837 841 1880 nisi
872 1839 989 1894 quod
1020 1839 1153 1881 etiam
1174 1837 1340 1882 Αέἔτὶν4
1371 1839 1434 1881 ibi
1465 1838 1655 1882 occurrit

93 1907 285 1964 primum
313 1908 460 1951 locum
480 1916 650 1963 tenens,
690 1909 809 1952 Gibil
836 1917 984 1953 autem
1009 1910 1099 1967 (qui
1129 1918 1277 1954 nostra
1299 1911 1346 1953 in
1377 1911 1527 1954 tabula
1548 1911 1654 1954 deus

93 1995 120 2022 a
149 1980 304 2023 Nusku
332 1995 425 2023 11011
455 1980 652 2024 diversus
683 1981 857 2024 videtur
888 1997 981 2025 esse
1012 1990 1055 2026 et
1085 1983 1192 2026 alias
1223 1998 1395 2039 quoque
1431 1984 1550 2027 idem
1590 1991 1655 2026 est

188 2154 220 2197 1)
246 2153 451 2190 Numerum
466 2153 536 2190 hoc
552 2153 634 2190 1000
653 2154 815 2191 deletum
832 2167 877 2191 ex
893 2155 1134 2203 inscriptione
1151 2155 1270 2203 lapidi
1288 2156 1395 2203 nigro
1413 2156 1654 2193 Asarhaddo-

93 2209 152 2246 nis
167 2209 355 2258 insculpta
368 2211 556 2248 novimus:
577 2212 662 2248 vide
679 2212 698 2248 Ι
714 2213 751 2248 R
767 2214 811 2249 49
829 2212 898 2250 001.
922 2213 960 2249 11
979 2214 1021 2248 12
1040 2225 1093 2260 sq.
1133 2213 1237 2250 Deus
1254 2214 1419 2251 Marduk
1436 2226 1545 2262 saepe
1563 2215 1654 2251 scri-

91 2285 194 2322 bitur
217 2285 323 2333 signo
352 2269 376 2344 1
401 2302 444 2318 =
468 2270 532 2346 (Υ
561 2287 597 2324 11.
615 2300 646 2324 0.
670 2288 739 2324 XI.

185 2355 221 2398 2)
245 2355 352 2392 Prior
375 2356 519 2393 numeri
542 2368 626 2404 pars
652 2357 834 2394 exstincta
859 2362 927 2402 est,
954 2357 1020 2395 sed
1043 2357 1255 2405 saepissime
1279 2354 1385 2395 Ιέιαν
1408 2371 1560 2396 1111111010
1584 2359 1654 2395 XV

93 2411 333 2460 significatus.

187 2470 376 2546 3)·-<ἷ
335 2505 377 2520 =
401 2488 503 2533 XIV,
533 2502 607 2526 non
633 2505 675 2520 =
701 2490 779 2526 XII
805 2490 997 2534 (Lonorm.,
1019 2477 1197 2535 Sclirad),
1227 2491 1292 2538 qui
1316 2503 1490 2528 numerus
1513 2503 1655 2541 semper

90 2545 167 2621 (Π
195 2563 379 2600 scribitur.
420 2563 574 2611 Signum
595 2547 740 2623 (}(=
698 2566 802 2599 —10
820 2569 863 2608 ÷
881 2566 927 2608 22)
948 2565 1046 2602 idem
1069 2577 1150 2602 esse
1175 2567 1273 2613 quod
1300 2550 1393 2626 (Ψ
1425 2571 1477 2611 (=
1499 2570 1540 2603 10
1558 2574 1601 2612 -f-
1618 2572 1650 2612 4)

91 2649 178 2686 111ᾶο
202 2649 369 2695 discitur,
403 2651 503 2698 quod
528 2651 669 2699 syllaba
700 2653 788 2695 bad,
824 2650 1039 2699 plerumque
1064 2652 1171 2699 signo
1194 2636 1293 2713 (Ψ
1344 2659 1489 2699 notata,
1546 2656 1585 2692 II
1618 2657 1654 2692 R

93 2736 149 2780 32,
179 2735 256 2772 16b
281 2735 387 2784 signo
409 2721 467 2795 (ἶ
490 2737 675 2775 scribitur.
722 2738 779 2775 cf.
801 2720 822 2795 ξ
845 2735 923 2773 sive
938 2727 998 2786 *Ἃ
1020 2755 1062 2770 =
1089 2740 1127 2774 33
1151 2757 1194 2771 =
1220 2743 1251 2775 9.

184 2806 217 2848 4)
247 2803 480 2842 Schrader
506 2806 543 2850 (l.
564 2806 590 2843 1.
616 2810 695 2851 337)
722 2808 761 2844 in
786 2812 912 2844 nostra
943 2820 1090 2856 quoque
1122 2808 1248 2846 tabula
1278 2809 1388 2846 deum
1411 2811 1530 2848 Assur
1559 2811 1653 2848 scri-

91 2866 196 2909 ptum
219 2872 300 2899 esse
325 2862 450 2900 dicens
476 2870 584 2901 errat.
