1904 3216
864 187 1148 227 —50—

234 298 525 340 hebdomades
556 298 898 353 Babyloniorum
929 298 1050 353 quasi
1080 299 1247 341 mediae
1288 307 1411 342 erant
1451 300 1563 343 inter
1598 301 1772 342 lunares

236 377 279 411 et
309 371 561 412 sabbaticas.

348 442 680 483 Hebdomadem
710 441 906 483 lunarem
944 440 1128 497 primam
1167 448 1211 484 et
1250 443 1482 485 secundam
1522 450 1566 486 et
1600 443 1774 486 tertiam

236 511 576 566 uniuscujusque
615 512 776 554 mensis
817 512 871 555 iis
912 513 1064 555 diebus
1102 512 1221 554 finiri
1269 528 1443 556 necesse
1483 522 1571 568 est,
1615 515 1772 570 quibus

234 584 339 624 luna
368 589 445 624 aut
472 583 602 638 plena
641 590 718 625 aut
748 584 975 627 dimidiata
1010 584 1217 639 (crescens
1257 592 1333 628 aut
1351 586 1630 640 decrescens)
1669 601 1773 629 con-

235 655 435 710 spicitur,
468 655 513 697 h.
539 669 576 696 e.
611 655 682 697 die
712 655 908 711 septimo,
942 656 1084 710 X1V⁰‚
1118 657 1250 698 ΧΧΙο
1280 657 1349 699 vel
1373 658 1544 711 XX11⁰‚
1578 664 1774 713 quartam

234 733 380 768 autem
420 726 559 782 pridie
599 741 736 769 novae
775 727 920 769 lunae.
983 729 1136 782 Itaque
1166 728 1305 783 prima
1344 729 1519 784 quidem
1556 728 1712 784 incipit
1748 743 1774 770 a

234 812 346 839 nova
375 798 495 852 luna,
531 813 614 852 qua
643 785 804 840 mensis
834 797 1011 841 initium
1042 799 1335 853 constituitur,
1370 800 1501 842 ceteri
1521 807 1666 843 autem
1687 807 1774 843 tres

234 885 322 911 una
352 884 453 911 cum
493 869 647 912 ceteris
685 870 930 926 insignibus
971 870 1101 913 lunae
1137 871 1284 913 formis
1321 871 1511 926 incipere
1548 886 1639 914 non
1675 885 1775 927 pos-

234 947 349 995 sunt,
386 940 487 995 quia
516 941 621 982 luna
650 941 779 997 plena
808 956 898 983 non
928 949 1079 997 quarto
1120 942 1287 984 decimo
1327 943 1404 984 sed
1441 943 1568 985 tertio
1607 943 1774 986 decimo

235 1014 306 1055 die
335 1019 434 1068 post
463 1027 620 1055 novam
649 1013 800 1055 lunam
830 1021 1021 1068 apparet,
1055 1013 1142 1055 nisi
1171 1013 1280 1056 forte
1310 1021 1386 1056 aut
1414 1029 1490 1070 pro
1519 1029 1633 1057 nova
1669 1013 1775 1056 luna

236 1084 398 1126 coitum
425 1085 554 1126 lunae
585 1092 628 1127 et
657 1085 759 1127 solis
787 1085 929 1140 (quem
958 1085 1088 1126 hodie
1118 1100 1274 1127 novam
1304 1085 1453 1127 lunam
1482 1085 1701 1141 appellant
1718 1109 1775 1117 —-
1840 1087 1843 1089 ’

235 1155 586 1198 astronomiseher
614 1157 848 1211 Neumond)
885 1156 1151 1212 substituis„
1180 1163 1230 1198 ut
1270 1157 1362 1199 dies
1394 1172 1476 1212 quo
1506 1157 1612 1199 luna
1641 1162 1684 1198 et
1713 1156 1777 1199 sol

236 1225 395 1270 coeunt
427 1229 528 1282 (non
558 1228 621 1281 is,
657 1242 740 1282 quo
770 1229 874 1270 luna
903 1244 1016 1271 nova
1045 1218 1234 1284 apparet)
1270 1229 1431 1271 mensis
1470 1227 1777 1271 hebdomadis-

237 1314 320 1353 que
349 1299 515 1355 primus
545 1314 595 1341 ac
625 1300 717 1342 dies
746 1300 876 1342 lunae
902 1300 1056 1356 plenae
1088 1300 1265 1355 quintus
1288 1300 1480 1343 decimus
1500 1300 1663 1342 mensis
1684 1300 1776 1342 dies

235 1370 317 1425 sit,
361 1378 437 1412 aut
471 1371 655 1426 primam
694 1372 857 1414 mensis
895 1372 1212 1414 hebdomadem
1250 1386 1326 1414 sex
1362 1372 1553 1426 dierum,
1597 1372 1776 1414 alteram

235 1450 278 1485 et
306 1443 480 1485 tertiam
511 1449 766 1498 septenum,
801 1450 996 1498 quartam
1026 1458 1181 1485 novem
1213 1450 1288 1485 aut
1319 1444 1466 1485 decem
1497 1458 1588 1485 esse
1617 1443 1772 1498 placet.

234 1515 319 1557 Sed
350 1529 493 1569 neque
522 1514 605 1556 hoc
634 1529 775 1569 neque
806 1515 918 1557 illud
956 1515 1037 1556 ulli
1076 1515 1236 1570 populo
1274 1514 1487 1570 placuisse
1525 1513 1772 1567 verisimile,

232 1585 488 1641 Babyloniis
518 1592 722 1627 neutrum
753 1586 964 1642 placuisse
995 1594 1159 1629 certum
1190 1593 1268 1640 est,
1304 1586 1378 1640 qui
1407 1585 1596 1641 primum
1615 1584 1776 1627 mensis

234 1658 349 1699 diem
379 1659 669 1699 numerabant
698 1673 820 1711 eum⁷
863 1673 948 1713 quo
978 1658 1130 1700 lunam
1159 1672 1316 1700 novam
1355 1663 1499 1699 essent
1534 1657 1690 1710 visuri,
1733 1662 1778 1698 et

235 1729 392 1783 quibus
439 1735 489 1770 ut
532 1730 673 1784 prima
708 1729 944 1771 hebdomas
984 1730 1045 1771 ita
1084 1729 1217 1771 altera
1257 1736 1422 1785 septem
1459 1727 1628 1770 dierum
1667 1734 1772 1770 erat.

233 1801 331 1842 Hae
361 1800 496 1856 igitur
527 1801 637 1842 duae
667 1800 961 1842 hebdomades
991 1815 1090 1842 vere
1109 1800 1282 1842 lunares
1302 1806 1486 1856 possunt
1506 1800 1606 1853 dici,
1643 1813 1777 1854 quum

238 1873 368 1914 tertia
398 1887 546 1914 eorum
576 1871 807 1926 mensium,
844 1886 1029 1926 quorum
1059 1871 1174 1913 inter
1202 1872 1351 1913 lunam
1381 1872 1555 1927 plenam
1585 1877 1629 1913 et
1648 1870 1779 1912 dim-i-

238 1945 401 1986 diatam
431 1951 525 1987 octo
557 1944 648 1985 dies
678 1951 801 1986 erant
821 1943 1081 1999 interpositi,
1115 1949 1158 1985 et
1178 1943 1373 1985 omnium
1393 1943 1610 1986 mensium
1630 1948 1779 1997 quarta

235 2016 462 2057 lunaribus
483 2016 828 2058 hebdomadibus
850 2015 1056 2071 dispares,
1081 2015 1291 2071 neglectis
1321 2015 1451 2057 lunae
1481 2013 1643 2066 formis,
1677 2013 1779 2055 solis

242 2087 431 2129 sabbatis
461 2094 558 2142 post
588 2102 713 2129 senos
745 2087 836 2129 dies
865 2087 1182 2129 revertentibus
1213 2087 1473 2129 constitutae
1501 2085 1680 2128 fuerint.

353 2158 467 2201 Satis
497 2159 719 2214 probabile
751 2165 828 2212 est,
874 2159 1165 2200 hebdomades
1195 2158 1292 2200 illas
1321 2157 1597 2214 babylonicas
1626 2171 1682 2199 ex
1708 2156 1779 2198 lu-

235 2230 413 2272 naribus
445 2245 536 2272 esse
566 2237 695 2283 ortaS,
731 2237 774 2272 et
804 2229 897 2285 ejus
927 2229 991 2271 rei
1022 2244 1149 2271 causa
1179 2245 1268 2271 non
1298 2231 1469 2272 videtur
1497 2228 1586 2271 nisi
1623 2229 1779 2270 sabba—

238 2310 380 2344 torum
420 2309 577 2344 natura
614 2301 769 2354 fuisse,
812 2317 940 2356 quae,
991 2302 1132 2356 quoad
1170 2301 1284 2343 intra
1327 2300 1487 2342 mensis
1532 2301 1641 2341 fines
1683 2299 1781 2341 fieri
1817 2327 1821 2330 -

239 2380 406 2430 posset,
449 2373 634 2428 septimo
675 2388 843 2428 quoque
880 2374 949 2415 die
989 2373 1147 2415 reverti
1190 2387 1318 2427 quam
1348 2388 1373 2414 a
1402 2372 1531 2413 lunae
1561 2371 1779 2412 luminum

240 2446 444 2488 varietate
474 2446 662 2501 pendere
692 2445 925 2500 Babylonii
954 2444 1202 2486 maluerint.

351 2518 449 2559 Jam
477 2517 603 2559 nobis
635 2517 811 2558 offertur
842 2517 1061 2570 quaestio,
1105 2531 1209 2570 qua
1247 2530 1302 2557 re
1340 2514 1562 2557 adducti
1599 2515 1781 2575 Baby-

238 2589 387 2631 lonii
417 2588 493 2633 illa
522 2590 754 2630 sabbata
783 2588 1157 2630 instituerint.
