1904 3216
742 798 949 851 caput
984 795 1099 841 111.

255 979 425 1030 Restat,
452 984 504 1019 ut
523 976 854 1033 investigemus,
891 990 1021 1030 quam
1042 989 1218 1018 causam
1242 988 1334 1016 esse
1355 973 1524 1016 otiandi
1545 975 1702 1017 sabba-

140 1050 197 1093 tis
227 1056 305 1092 aut
335 1063 505 1106 semper
534 1056 612 1091 aut
642 1048 771 1091 certis
792 1047 1060 1104 temporibus
1082 1046 1306 1089 Israelitae
1333 1045 1696 1089 existimaverint.

255 1124 322 1165 Ac
350 1121 543 1178 primum
579 1121 709 1164 facile
746 1119 1071 1177 cognoscimuS‚
1117 1119 1257 1162 otium
1297 1118 1571 1161 sabbaticum
1611 1133 1701 1161 non

141 1193 230 1237 alia
270 1207 390 1236 sacra
426 1194 608 1236 sabbato
648 1193 850 1236 facienda
890 1191 1036 1247 sequi,
1082 1191 1159 1234 sed
1199 1198 1331 1247 caput
1369 1205 1461 1233 esse
1499 1190 1701 1233 habitum

141 1267 313 1309 sabbati
343 1265 609 1308 celebrandi.
664 1265 749 1308 Cui
779 1265 844 1308 rei
872 1265 1007 1307 fidem
1037 1263 1143 1306 facit
1172 1263 1317 1319 ipsum
1347 1277 1511 1306 nomen
1533 1258 1632 1322 ngr}
1659 1271 1703 1305 et

143 1338 316 1382 sabbati
335 1337 590 1394 babylonici
620 1336 819 1380 collatio:
855 1338 1062 1393 probatur
1093 1350 1158 1388 eo,
1194 1336 1310 1391 quod
1330 1349 1421 1377 non
1441 1336 1571 1378 modo
1591 1334 1703 1391 legi-

140 1414 227 1454 bus
249 1418 293 1455 et
306 1410 617 1467 prophetarum
639 1408 909 1451 orationibus
926 1409 1106 1450 sabbato
1123 1407 1251 1450 otiari
1272 1408 1423 1450 crebro
1444 1407 1698 1464 imperatur⁷

143 1497 281 1539 quum
312 1482 367 1525 de
397 1481 620 1524 sacrificiis
651 1482 830 1523 sabbato
861 1480 1096 1523 offerendis
1126 1480 1222 1536 ipse
1251 1480 1324 1524 PC
1361 1479 1496 1521 semel
1530 1487 1703 1523 tantum

142 1553 415 1598 mentionem
443 1552 592 1607 faciat,
626 1552 704 1595 sed
734 1551 888 1595 ceteris
918 1551 1051 1595 sacris
1081 1552 1298 1594 universis
1334 1551 1474 1594 otium
1510 1553 1706 1595 sabbati-

139 1641 241 1670 cum
269 1623 569 1682 anteponitur.
640 1625 742 1667 Hoc
771 1639 826 1666 ex
855 1638 906 1666 ea
932 1639 979 1667 re
1007 1623 1099 1667 sola
1125 1623 1231 1666 satis
1260 1624 1548 1680 cognoscitur,
1588 1625 1703 1679 quod

139 1698 375 1757 decalogus
404 1696 520 1740 nihil
547 1695 694 1750 aliud,
740 1697 857 1751 quod
895 1696 952 1738 ad
988 1711 1109 1739 sacra
1145 1696 1390 1752 pertineat,
1433 1696 1523 1739 nisi
1564 1696 1704 1739 otium
1764 1715 1770 1718 ·

140 1770 415 1815 sabbatinum
434 1768 709 1826 praescribit.
762 1769 979 1811 Probatur
1008 1783 1109 1812 vero
1131 1769 1264 1812 etiam
1282 1768 1354 1811 his
1374 1770 1518 1811 rebus.
1573 1769 1705 1811 Nun-

141 1857 272 1898 quam
301 1842 512 1899 propheta
541 1840 664 1894 dicit,
699 1842 796 1883 Deo
827 1840 1071 1897 displicere,
1117 1842 1234 1897 quod
1272 1842 1452 1884 sabbato
1491 1840 1700 1895 otientur,

141 1930 278 1971 quum
325 1913 639 1958 sacrificiorum
689 1928 715 1955 a
750 1913 913 1969 populo
959 1912 1159 1969 improbo
1207 1914 1453 1956 oblatorum
1491 1914 1520 1955 J
1522 1913 1706 1956 ehovam

141 1987 290 2044 pigere
320 1986 494 2043 saepius
524 1984 769 2028 audiamus.
835 1985 973 2041 Cujus
1001 1986 1065 2029 rei
1097 1992 1214 2028 certe
1243 2000 1336 2028 non
1366 2000 1417 2028 ea
1452 1992 1519 2028 est
1557 2000 1703 2039 causa,

142 2059 259 2114 quod
288 2057 480 2115 improbi
510 2057 651 2101 otium
680 2057 953 2100 sabbaticum
984 2072 1155 2114 semper
1193 2058 1558 2114 contempserint,
1603 2072 1707 2100 nam

139 2130 294 2173 Am0si
341 2129 455 2172 illud
505 2131 651 2183 docet,
708 2129 847 2185 ipsius
895 2137 1038 2172 aetate
1087 2130 1245 2186 impios
1296 2144 1468 2186 quoque
1515 2129 1706 2172 sabbatis

143 2202 320 2245 feriatos
348 2216 459 2246 esse.
534 2202 860 2256 Concedamus,
904 2216 1030 2258 posse
1065 2201 1248 2245 fortuito
1287 2202 1454 2245 factum
1495 2217 1609 2254 esse,
1656 2209 1707 2245 ut

141 2274 377 2331 prophetae
405 2275 571 2331 priores
603 2274 743 2316 otium
779 2274 1054 2316 sabbaticum
1084 2276 1225 2318 rarius
1255 2276 1309 2317 ab
1345 2274 1452 2331 ipsis
1492 2289 1708 2317 memora-

140 2355 238 2390 tum
285 2361 515 2403 nunquam
565 2346 716 2389 dicant
750 2347 847 2389 Deo
896 2361 987 2389 non
1041 2347 1237 2403 placere:
1292 2347 1370 2389 sed
1415 2346 1608 2389 Jeremia
1662 2355 1707 2389 et

142 2417 346 2462 Ezechiel
374 2418 423 2462 id
450 2433 543 2462 non
572 2419 704 2462 modo
732 2434 823 2462 non
853 2418 1126 2476 vituperant,
1161 2419 1239 2462 sed
1268 2419 1494 2475 postulant
1523 2426 1707 2462 conten-

146 2492 314 2545 dentes,
343 2490 437 2547 jam
466 2491 666 2548 patribus
696 2493 723 2534 J
727 2491 922 2546 ehovam,
969 2499 1020 2534 ut
1049 2491 1242 2535 sabbatis
1280 2492 1578 2547 quiescerent,
1623 2491 1708 2534 im·-

142 2577 328 2619 perasse.
407 2563 599 2606 Sabbata
645 2563 845 2607 laborum
889 2560 1215 2608 intermissione
1261 2564 1471 2607 celebrari
1515 2565 1543 2606 J
1546 2564 1709 2606 eremia

137 2635 288 2691 jubet,
322 2635 360 2678 si
388 2635 628 2679 laborando
658 2636 892 2689 violentur,
926 2637 1074 2679 Deum
1104 2637 1160 2679 ad
1191 2636 1300 2679 iram
1330 2651 1584 2679 exarsurum
1616 2651 1707 2679 esse

142 2708 335 2751 nuntiat.
411 2708 573 2752 Contra
611 2709 874 2763 sacrificare,
923 2709 1094 2763 suffire,
1138 2709 1341 2766 jejunare
1380 2708 1556 2751 minimi
1601 2709 1709 2751 facit

150 2779 207 2835 (6,
233 2784 303 2822 20.
342 2784 410 2834 14,
439 2781 524 2837 12).
589 2782 744 2836 Itaque
774 2795 865 2823 non
894 2780 998 2837 licet
1027 2795 1211 2835 sumere,
1248 2789 1299 2824 ut
1329 2774 1582 2838 diligentior
1613 2788 1708 2823 tum

143 2852 192 2894 in
221 2852 414 2896 sabbatis
435 2852 619 2908 agendis
640 2853 884 2896 observatio
903 2853 1210 2909 postularetur,
1242 2869 1338 2896 eam
1358 2853 1493 2895 fuisse
1514 2868 1704 2906 causam,
