<?xml version="1.0" encoding="UTF-8"?>
<!DOCTYPE html PUBLIC "-//W3C//DTD XHTML 1.0 Transitional//EN"
    "http://www.w3.org/TR/xhtml1/DTD/xhtml1-transitional.dtd">
<html xmlns="http://www.w3.org/1999/xhtml" xml:lang="en" lang="en">
 <head>
  <title>
</title>
<meta http-equiv="Content-Type" content="text/html;charset=utf-8" />
  <meta name='ocr-system' content='tesseract 3.04.00' />
  <meta name='ocr-capabilities' content='ocr_page ocr_carea ocr_par ocr_line ocrx_word'/>
</head>
<body>
  <div class='ocr_page' id='page_1' title='image "./quaestionesdehis00lotzuoft_0117.png"; bbox 0 0 1904 3216; ppageno 0'>
   <div class='ocr_carea' id='block_1_1' title="bbox 634 828 1204 908">
    <p class='ocr_par' dir='ltr' id='par_1_1' title="bbox 634 828 1204 908">
     <span class='ocr_line' id='line_1_1' title="bbox 634 828 1204 908; baseline -0.005 -14"><span class='ocrx_word' id='word_1_1' title='bbox 634 828 1204 908; x_wconf 77' lang='lat' dir='ltr'><strong>Supplementa.</strong></span> 
     </span>
    </p>
   </div>
   <div class='ocr_carea' id='block_1_2' title="bbox 849 974 988 978">
    <p class='ocr_par' dir='ltr' id='par_1_2' title="bbox 849 974 988 978">
     <span class='ocr_line' id='line_1_2' title="bbox 849 974 988 978; baseline 0 0"><span class='ocrx_word' id='word_1_2' title='bbox 849 974 988 978; x_wconf 95' lang='lat' dir='ltr'><strong> </strong></span> 
     </span>
    </p>
   </div>
   <div class='ocr_carea' id='block_1_3' title="bbox 129 1052 1702 2915">
    <p class='ocr_par' dir='ltr' id='par_1_3' title="bbox 133 1052 1702 1398">
     <span class='ocr_line' id='line_1_3' title="bbox 249 1052 1702 1109; baseline -0.001 -14"><span class='ocrx_word' id='word_1_3' title='bbox 249 1053 320 1095; x_wconf 81' lang='lat' dir='ltr'><strong>Ad</strong></span> <span class='ocrx_word' id='word_1_4' title='bbox 350 1067 450 1109; x_wconf 86' lang='lat' dir='ltr'><strong>pag.</strong></span> <span class='ocrx_word' id='word_1_5' title='bbox 481 1057 528 1094; x_wconf 86' lang='lat'><strong>12</strong></span> <span class='ocrx_word' id='word_1_6' title='bbox 561 1052 643 1094; x_wconf 91' lang='lat' dir='ltr'><strong>lin.</strong></span> <span class='ocrx_word' id='word_1_7' title='bbox 673 1056 838 1094; x_wconf 86' lang='lat'>14-18</span> <span class='ocrx_word' id='word_1_8' title='bbox 877 1053 992 1106; x_wconf 91' lang='lat' dir='ltr'><strong>(Non</strong></span> <span class='ocrx_word' id='word_1_9' title='bbox 1013 1060 1080 1095; x_wconf 85' lang='lat' dir='ltr'><strong>est</strong></span> <span class='ocrx_word' id='word_1_10' title='bbox 1099 1078 1155 1084; x_wconf 95' lang='lat'>-</span> <span class='ocrx_word' id='word_1_11' title='bbox 1178 1058 1243 1095; x_wconf 86' lang='lat' dir='ltr'><strong>est</strong></span> <span class='ocrx_word' id='word_1_12' title='bbox 1264 1052 1533 1108; x_wconf 89' lang='lat' dir='ltr'><strong>dicendum):</strong></span> <span class='ocrx_word' id='word_1_13' title='bbox 1570 1052 1702 1097; x_wconf 82' lang='lat' dir='ltr'><strong>Quod</strong></span> 
     </span>
     <span class='ocr_line' id='line_1_4' title="bbox 134 1124 1700 1181; baseline -0.001 -13"><span class='ocrx_word' id='word_1_14' title='bbox 134 1126 448 1178; x_wconf 83' lang='lat' dir='ltr'><strong>Romanorum,</strong></span> <span class='ocrx_word' id='word_1_15' title='bbox 475 1125 756 1178; x_wconf 82' lang='lat' dir='ltr'><strong>Graecorum,</strong></span> <span class='ocrx_word' id='word_1_16' title='bbox 777 1125 1109 1181; x_wconf 86' lang='lat' dir='ltr'><strong>Aegyptiorum,</strong></span> <span class='ocrx_word' id='word_1_17' title='bbox 1136 1125 1352 1167; x_wconf 84' lang='lat' dir='ltr'><strong>Indorum</strong></span> <span class='ocrx_word' id='word_1_18' title='bbox 1374 1124 1573 1180; x_wconf 88' lang='lat' dir='ltr'><strong>exemplo</strong></span> <span class='ocrx_word' id='word_1_19' title='bbox 1594 1124 1700 1167; x_wconf 86' lang='lat' dir='ltr'><strong>satis</strong></span> 
     </span>
     <span class='ocr_line' id='line_1_5' title="bbox 133 1197 1701 1253; baseline 0 -15"><span class='ocrx_word' id='word_1_20' title='bbox 133 1198 355 1253; x_wconf 82' lang='lat' dir='ltr'><strong>probatur,</strong></span> <span class='ocrx_word' id='word_1_21' title='bbox 383 1197 487 1240; x_wconf 85' lang='lat' dir='ltr'><strong>licet</strong></span> <span class='ocrx_word' id='word_1_22' title='bbox 507 1197 713 1240; x_wconf 84' lang='lat' dir='ltr'><strong>Sinenses</strong></span> <span class='ocrx_word' id='word_1_23' title='bbox 735 1203 779 1239; x_wconf 89' lang='lat' dir='ltr'><strong>et</strong></span> <span class='ocrx_word' id='word_1_24' title='bbox 799 1197 1024 1239; x_wconf 84' lang='lat' dir='ltr'><strong>Mexicani</strong></span> <span class='ocrx_word' id='word_1_25' title='bbox 1054 1204 1220 1239; x_wconf 87' lang='lat' dir='ltr'><strong>veteres</strong></span> <span class='ocrx_word' id='word_1_26' title='bbox 1251 1212 1296 1239; x_wconf 89' lang='lat' dir='ltr'><strong>re</strong></span> <span class='ocrx_word' id='word_1_27' title='bbox 1327 1211 1430 1239; x_wconf 84' lang='lat' dir='ltr'><strong>vera</strong></span> <span class='ocrx_word' id='word_1_28' title='bbox 1459 1197 1701 1239; x_wconf 90' lang='lat' dir='ltr'><strong>hebdoma-</strong></span> 
     </span>
     <span class='ocr_line' id='line_1_6' title="bbox 135 1268 1694 1325; baseline -0.001 -13"><span class='ocrx_word' id='word_1_29' title='bbox 135 1269 267 1312; x_wconf 80' lang='lat' dir='ltr'>dibus</span> <span class='ocrx_word' id='word_1_30' title='bbox 286 1270 355 1312; x_wconf 88' lang='lat' dir='ltr'><strong>usi</strong></span> <span class='ocrx_word' id='word_1_31' title='bbox 381 1269 474 1312; x_wconf 85' lang='lat' dir='ltr'><strong>sint</strong></span> <span class='ocrx_word' id='word_1_32' title='bbox 499 1270 719 1325; x_wconf 87' lang='lat' dir='ltr'><strong>(Ideler,</strong></span> <span class='ocrx_word' id='word_1_33' title='bbox 746 1270 923 1312; x_wconf 78' lang='lat' dir='ltr'><strong>Handb.</strong></span> <span class='ocrx_word' id='word_1_34' title='bbox 944 1270 1019 1312; x_wconf 83' lang='lat' dir='ltr'><strong>der</strong></span> <span class='ocrx_word' id='word_1_35' title='bbox 1037 1269 1233 1312; x_wconf 77' lang='lat' dir='ltr'><strong>mathem.</strong></span> <span class='ocrx_word' id='word_1_36' title='bbox 1254 1284 1296 1311; x_wconf 80' lang='lat' dir='ltr'><strong>u.</strong></span> <span class='ocrx_word' id='word_1_37' title='bbox 1320 1269 1453 1311; x_wconf 64' lang='lat' dir='ltr'><strong>techa.</strong></span> <span class='ocrx_word' id='word_1_38' title='bbox 1477 1268 1694 1321; x_wconf 74' lang='lat' dir='ltr'><strong>Chronol.⁷</strong></span> 
     </span>
     <span class='ocr_line' id='line_1_7' title="bbox 133 1341 964 1398; baseline -0.002 -13"><span class='ocrx_word' id='word_1_39' title='bbox 133 1343 156 1385; x_wconf 88' lang='lat'>1</span> <span class='ocrx_word' id='word_1_40' title='bbox 188 1347 241 1384; x_wconf 82' lang='lat'><strong>87</strong></span> <span class='ocrx_word' id='word_1_41' title='bbox 274 1344 375 1397; x_wconf 54' lang='grc' dir='ltr'><strong>ΒΨ),</strong></span> <span class='ocrx_word' id='word_1_42' title='bbox 414 1342 471 1385; x_wconf 91' lang='lat' dir='ltr'><strong>cf.</strong></span> <span class='ocrx_word' id='word_1_43' title='bbox 495 1356 595 1398; x_wconf 86' lang='lat' dir='ltr'>pag.</span> <span class='ocrx_word' id='word_1_44' title='bbox 623 1347 674 1383; x_wconf 88' lang='lat'><strong>37</strong></span> <span class='ocrx_word' id='word_1_45' title='bbox 707 1341 788 1384; x_wconf 91' lang='lat' dir='ltr'><strong>lin.</strong></span> <span class='ocrx_word' id='word_1_46' title='bbox 818 1347 838 1382; x_wconf 90' lang='grc'>7</span> <span class='ocrx_word' id='word_1_47' title='bbox 870 1356 964 1397; x_wconf 87' lang='lat' dir='ltr'><strong>sqq.</strong></span> 
     </span>
    </p>

    <p class='ocr_par' dir='ltr' id='par_1_4' title="bbox 247 1413 1240 1471">
     <span class='ocr_line' id='line_1_8' title="bbox 247 1413 1240 1471; baseline -0.003 -13"><span class='ocrx_word' id='word_1_48' title='bbox 247 1415 319 1458; x_wconf 65' lang='lat' dir='ltr'><strong>Ad</strong></span> <span class='ocrx_word' id='word_1_49' title='bbox 347 1429 448 1471; x_wconf 75' lang='lat' dir='ltr'><strong>pag.</strong></span> <span class='ocrx_word' id='word_1_50' title='bbox 478 1419 527 1456; x_wconf 91' lang='lat'><strong>18</strong></span> <span class='ocrx_word' id='word_1_51' title='bbox 559 1414 640 1456; x_wconf 89' lang='lat' dir='ltr'><strong>lin.</strong></span> <span class='ocrx_word' id='word_1_52' title='bbox 667 1419 708 1457; x_wconf 86' lang='lat'><strong>2.</strong></span> <span class='ocrx_word' id='word_1_53' title='bbox 735 1419 783 1456; x_wconf 85' lang='lat'><strong>3:</strong></span> <span class='ocrx_word' id='word_1_54' title='bbox 817 1413 874 1456; x_wconf 89' lang='lat' dir='ltr'><strong>cf.</strong></span> <span class='ocrx_word' id='word_1_55' title='bbox 908 1429 1007 1470; x_wconf 97' lang='lat' dir='ltr'><strong>pag.</strong></span> <span class='ocrx_word' id='word_1_56' title='bbox 1039 1419 1113 1454; x_wconf 90' lang='lat'><strong>111</strong></span> <span class='ocrx_word' id='word_1_57' title='bbox 1149 1420 1240 1456; x_wconf 84' lang='lat' dir='ltr'><strong>not.</strong></span> 
     </span>
    </p>

    <p class='ocr_par' dir='ltr' id='par_1_5' title="bbox 240 1486 1695 1543">
     <span class='ocr_line' id='line_1_9' title="bbox 240 1486 1695 1543; baseline -0.003 -13"><span class='ocrx_word' id='word_1_58' title='bbox 240 1487 319 1530; x_wconf 68' lang='lat' dir='ltr'><strong>Ad</strong></span> <span class='ocrx_word' id='word_1_59' title='bbox 347 1501 450 1543; x_wconf 81' lang='lat' dir='ltr'><strong>pag.</strong></span> <span class='ocrx_word' id='word_1_60' title='bbox 471 1491 524 1527; x_wconf 90' lang='grc'><strong>20</strong></span> <span class='ocrx_word' id='word_1_61' title='bbox 546 1486 628 1528; x_wconf 86' lang='lat' dir='ltr'><strong>lin.</strong></span> <span class='ocrx_word' id='word_1_62' title='bbox 648 1491 698 1527; x_wconf 84' lang='lat'><strong>15</strong></span> <span class='ocrx_word' id='word_1_63' title='bbox 721 1500 835 1540; x_wconf 86' lang='lat' dir='ltr'><strong>sqq.:</strong></span> <span class='ocrx_word' id='word_1_64' title='bbox 861 1486 919 1528; x_wconf 90' lang='lat' dir='ltr'><strong>cf.</strong></span> <span class='ocrx_word' id='word_1_65' title='bbox 941 1486 1033 1528; x_wconf 88' lang='lat' dir='ltr'><strong>Cic.</strong></span> <span class='ocrx_word' id='word_1_66' title='bbox 1054 1487 1108 1528; x_wconf 88' lang='lat' dir='ltr'><strong>de</strong></span> <span class='ocrx_word' id='word_1_67' title='bbox 1128 1486 1221 1528; x_wconf 82' lang='lat' dir='ltr'><strong>nat&#39;.</strong></span> <span class='ocrx_word' id='word_1_68' title='bbox 1242 1486 1360 1528; x_wconf 88' lang='lat' dir='ltr'><strong>deor.</strong></span> <span class='ocrx_word' id='word_1_69' title='bbox 1382 1486 1429 1528; x_wconf 91' lang='lat' dir='ltr'><strong>II</strong></span> <span class='ocrx_word' id='word_1_70' title='bbox 1447 1490 1516 1539; x_wconf 83' lang='lat'><strong>20,</strong></span> <span class='ocrx_word' id='word_1_71' title='bbox 1540 1490 1607 1527; x_wconf 82' lang='lat'><strong>52.</strong></span> <span class='ocrx_word' id='word_1_72' title='bbox 1626 1489 1695 1526; x_wconf 88' lang='lat'><strong>53.</strong></span> 
     </span>
    </p>

    <p class='ocr_par' dir='ltr' id='par_1_6' title="bbox 131 1557 1700 1903">
     <span class='ocr_line' id='line_1_10' title="bbox 246 1557 1698 1615; baseline -0.001 -14"><span class='ocrx_word' id='word_1_73' title='bbox 246 1559 319 1601; x_wconf 81' lang='lat' dir='ltr'><strong>Ad</strong></span> <span class='ocrx_word' id='word_1_74' title='bbox 348 1573 449 1615; x_wconf 74' lang='lat' dir='ltr'><strong>pag.</strong></span> <span class='ocrx_word' id='word_1_75' title='bbox 471 1563 523 1600; x_wconf 85' lang='lat'><strong>23</strong></span> <span class='ocrx_word' id='word_1_76' title='bbox 545 1558 626 1600; x_wconf 93' lang='lat' dir='ltr'><strong>lin.</strong></span> <span class='ocrx_word' id='word_1_77' title='bbox 648 1562 783 1600; x_wconf 86' lang='lat'>6—8:</span> <span class='ocrx_word' id='word_1_78' title='bbox 819 1558 1125 1600; x_wconf 70' lang='lat' dir='ltr'><strong>Hebraeorum</strong></span> <span class='ocrx_word' id='word_1_79' title='bbox 1155 1559 1337 1600; x_wconf 85' lang='lat' dir='ltr'><strong>sabbata</strong></span> <span class='ocrx_word' id='word_1_80' title='bbox 1366 1557 1584 1613; x_wconf 88' lang='lat' dir='ltr'><strong>principio</strong></span> <span class='ocrx_word' id='word_1_81' title='bbox 1607 1557 1698 1600; x_wconf 89' lang='lat' dir='ltr'><strong>dies</strong></span> 
     </span>
     <span class='ocr_line' id='line_1_11' title="bbox 132 1629 1700 1686; baseline -0.001 -12"><span class='ocrx_word' id='word_1_82' title='bbox 132 1630 267 1674; x_wconf 79' lang='lat' dir='ltr'><strong>festos</strong></span> <span class='ocrx_word' id='word_1_83' title='bbox 289 1630 470 1674; x_wconf 76' lang='lat' dir='ltr'><strong>Saturni</strong></span> <span class='ocrx_word' id='word_1_84' title='bbox 501 1630 652 1683; x_wconf 83' lang='lat' dir='ltr'><strong>fuisse,</strong></span> <span class='ocrx_word' id='word_1_85' title='bbox 686 1644 830 1686; x_wconf 86' lang='lat' dir='ltr'><strong>nuper</strong></span> <span class='ocrx_word' id='word_1_86' title='bbox 860 1629 993 1672; x_wconf 89' lang='lat' dir='ltr'><strong>etiam</strong></span> <span class='ocrx_word' id='word_1_87' title='bbox 1013 1631 1075 1673; x_wconf 89' lang='lat' dir='ltr'><strong>H.</strong></span> <span class='ocrx_word' id='word_1_88' title='bbox 1096 1630 1305 1683; x_wconf 84' lang='lat' dir='ltr'><strong>Cohen,</strong></span> <span class='ocrx_word' id='word_1_89' title='bbox 1342 1629 1559 1686; x_wconf 82' lang='lat' dir='ltr'><strong>professor</strong></span> <span class='ocrx_word' id='word_1_90' title='bbox 1578 1631 1700 1672; x_wconf 88' lang='lat' dir='ltr'><strong>Mar-</strong></span> 
     </span>
     <span class='ocr_line' id='line_1_12' title="bbox 131 1701 1700 1760; baseline -0.001 -14"><span class='ocrx_word' id='word_1_91' title='bbox 131 1703 379 1760; x_wconf 64' lang='lat' dir='ltr'><strong>burgensis,</strong></span> <span class='ocrx_word' id='word_1_92' title='bbox 413 1702 616 1758; x_wconf 82' lang='lat' dir='ltr'><strong>sumpsit,</strong></span> <span class='ocrx_word' id='word_1_93' title='bbox 651 1702 708 1745; x_wconf 88' lang='lat' dir='ltr'><strong>cf.</strong></span> <span class='ocrx_word' id='word_1_94' title='bbox 734 1703 1151 1746; x_wconf 81' lang='lat' dir='ltr'><strong>commentationem</strong></span> <span class='ocrx_word' id='word_1_95' title='bbox 1183 1702 1279 1758; x_wconf 85' lang='lat' dir='ltr'><strong>ejus</strong></span> <span class='ocrx_word' id='word_1_96' title='bbox 1311 1703 1416 1754; x_wconf 79' lang='lat' dir='ltr'><strong>„der</strong></span> <span class='ocrx_word' id='word_1_97' title='bbox 1433 1701 1624 1745; x_wconf 66' lang='lat' dir='ltr'><strong>Sabbata</strong></span> <span class='ocrx_word' id='word_1_98' title='bbox 1655 1701 1700 1743; x_wconf 76' lang='lat' dir='ltr'><strong>in</strong></span> 
     </span>
     <span class='ocr_line' id='line_1_13' title="bbox 132 1773 1694 1831; baseline -0.001 -13"><span class='ocrx_word' id='word_1_99' title='bbox 132 1774 270 1818; x_wconf 62' lang='lat' dir='ltr'><strong>&amp;einer</strong></span> <span class='ocrx_word' id='word_1_100' title='bbox 294 1773 781 1831; x_wconf 69' lang='lat' dir='ltr'><strong>culturqosokichtlichen</strong></span> <span class='ocrx_word' id='word_1_101' title='bbox 801 1775 1081 1830; x_wconf 53' lang='grc' dir='ltr'><strong>Βθιίθιιιαφῳ(6</strong></span> <span class='ocrx_word' id='word_1_102' title='bbox 1103 1774 1151 1816; x_wconf 90' lang='lat' dir='ltr'><strong>in</strong></span> <span class='ocrx_word' id='word_1_103' title='bbox 1172 1774 1436 1830; x_wconf 58' lang='lat' dir='ltr'><strong>„Zeitqeisffl</strong></span> <span class='ocrx_word' id='word_1_104' title='bbox 1464 1780 1567 1817; x_wconf 89' lang='lat'>1881</span> <span class='ocrx_word' id='word_1_105' title='bbox 1595 1789 1694 1831; x_wconf 82' lang='lat' dir='ltr'><strong>pag.</strong></span> 
     </span>
     <span class='ocr_line' id='line_1_14' title="bbox 134 1846 930 1903; baseline -0.003 -13"><span class='ocrx_word' id='word_1_106' title='bbox 134 1852 302 1890; x_wconf 81' lang='lat'>61—94</span> <span class='ocrx_word' id='word_1_107' title='bbox 340 1847 621 1903; x_wconf 73' lang='lat' dir='ltr'><strong>(Milwaukoe,</strong></span> <span class='ocrx_word' id='word_1_108' title='bbox 656 1846 930 1901; x_wconf 75' lang='lat' dir='ltr'><strong>Wisconsin).</strong></span> 
     </span>
    </p>

    <p class='ocr_par' dir='ltr' id='par_1_7' title="bbox 247 1919 886 1976">
     <span class='ocr_line' id='line_1_15' title="bbox 247 1919 886 1976; baseline -0.005 -13"><span class='ocrx_word' id='word_1_109' title='bbox 247 1920 320 1963; x_wconf 81' lang='lat' dir='ltr'><strong>Ad</strong></span> <span class='ocrx_word' id='word_1_110' title='bbox 347 1934 448 1976; x_wconf 81' lang='lat' dir='ltr'><strong>pag.</strong></span> <span class='ocrx_word' id='word_1_111' title='bbox 475 1924 528 1960; x_wconf 85' lang='lat'><strong>25</strong></span> <span class='ocrx_word' id='word_1_112' title='bbox 559 1919 642 1961; x_wconf 84' lang='lat' dir='ltr'><strong>lin.</strong></span> <span class='ocrx_word' id='word_1_113' title='bbox 669 1923 720 1960; x_wconf 83' lang='lat'><strong>30</strong></span> <span class='ocrx_word' id='word_1_114' title='bbox 753 1919 886 1961; x_wconf 86' lang='lat' dir='ltr'><strong>adde:</strong></span> 
     </span>
    </p>

    <p class='ocr_par' dir='ltr' id='par_1_8' title="bbox 347 1991 1693 2120">
     <span class='ocr_line' id='line_1_16' title="bbox 347 1991 1693 2047; baseline 0 -14"><span class='ocrx_word' id='word_1_115' title='bbox 347 1993 408 2040; x_wconf 73' lang='lat'><strong>15)</strong></span> <span class='ocrx_word' id='word_1_116' title='bbox 446 1992 695 2034; x_wconf 88' lang='lat' dir='ltr'><strong>Monstrum</strong></span> <span class='ocrx_word' id='word_1_117' title='bbox 727 1992 814 2033; x_wconf 94' lang='lat' dir='ltr'><strong>VII</strong></span> <span class='ocrx_word' id='word_1_118' title='bbox 854 1991 997 2047; x_wconf 85' lang='lat' dir='ltr'><strong>capita</strong></span> <span class='ocrx_word' id='word_1_119' title='bbox 1032 1991 1237 2034; x_wconf 82' lang='lat' dir='ltr'><strong>habuisse</strong></span> <span class='ocrx_word' id='word_1_120' title='bbox 1268 1991 1425 2034; x_wconf 87' lang='lat' dir='ltr'><strong>fertur:</strong></span> <span class='ocrx_word' id='word_1_121' title='bbox 1472 1994 1518 2035; x_wconf 93' lang='lat' dir='ltr'><strong>II</strong></span> <span class='ocrx_word' id='word_1_122' title='bbox 1550 1993 1593 2034; x_wconf 81' lang='lat' dir='ltr'>R</span> <span class='ocrx_word' id='word_1_123' title='bbox 1627 1997 1693 2044; x_wconf 84' lang='lat'><strong>19,</strong></span> 
     </span>
     <span class='ocr_line' id='line_1_17' title="bbox 452 2065 646 2120; baseline 0 -16"><span class='ocrx_word' id='word_1_124' title='bbox 452 2066 578 2120; x_wconf 74' lang='lat' dir='ltr'><strong>13s14</strong></span> <span class='ocrx_word' id='word_1_125' title='bbox 603 2065 646 2105; x_wconf 86' lang='lat' dir='ltr'><strong>b.</strong></span> 
     </span>
    </p>

    <p class='ocr_par' dir='ltr' id='par_1_9' title="bbox 346 2133 1696 2251">
     <span class='ocr_line' id='line_1_18' title="bbox 346 2133 1696 2193; baseline 0.001 -16"><span class='ocrx_word' id='word_1_126' title='bbox 346 2138 407 2191; x_wconf 80' lang='lat'><strong>16)</strong></span> <span class='ocrx_word' id='word_1_127' title='bbox 445 2136 632 2178; x_wconf 84' lang='lat' dir='ltr'><strong>Arbores</strong></span> <span class='ocrx_word' id='word_1_128' title='bbox 661 2150 807 2179; x_wconf 82' lang='lat' dir='ltr'><strong>sacrae</strong></span> <span class='ocrx_word' id='word_1_129' title='bbox 838 2135 899 2177; x_wconf 85' lang='lat' dir='ltr'><strong>ita</strong></span> <span class='ocrx_word' id='word_1_130' title='bbox 926 2133 1107 2193; x_wconf 82' lang='lat' dir='ltr'><strong>depingi</strong></span> <span class='ocrx_word' id='word_1_131' title='bbox 1137 2135 1292 2188; x_wconf 85' lang='lat' dir='ltr'><strong>solent,</strong></span> <span class='ocrx_word' id='word_1_132' title='bbox 1324 2143 1375 2178; x_wconf 90' lang='lat' dir='ltr'><strong>ut</strong></span> <span class='ocrx_word' id='word_1_133' title='bbox 1404 2136 1516 2179; x_wconf 87' lang='lat' dir='ltr'><strong>rami</strong></span> <span class='ocrx_word' id='word_1_134' title='bbox 1546 2151 1696 2179; x_wconf 89' lang='lat' dir='ltr'><strong>earum</strong></span> 
     </span>
     <span class='ocr_line' id='line_1_19' title="bbox 445 2195 1214 2251; baseline 0 -1"><span class='ocrx_word' id='word_1_135' title='bbox 445 2208 535 2250; x_wconf 83' lang='lat' dir='ltr'><strong>vn</strong></span> <span class='ocrx_word' id='word_1_136' title='bbox 564 2208 667 2251; x_wconf 73' lang='lat' dir='ltr'><strong>sint.</strong></span> <span class='ocrx_word' id='word_1_137' title='bbox 1211 2195 1214 2198; x_wconf 52' lang='lat'><strong>⁴</strong></span> 
     </span>
    </p>

    <p class='ocr_par' dir='ltr' id='par_1_10' title="bbox 129 2279 1696 2482">
     <span class='ocr_line' id='line_1_20' title="bbox 248 2279 1695 2336; baseline -0.001 -12"><span class='ocrx_word' id='word_1_138' title='bbox 248 2281 317 2324; x_wconf 84' lang='lat' dir='ltr'><strong>Cf.</strong></span> <span class='ocrx_word' id='word_1_139' title='bbox 355 2280 439 2322; x_wconf 91' lang='lat' dir='ltr'><strong>Eb.</strong></span> <span class='ocrx_word' id='word_1_140' title='bbox 479 2280 785 2323; x_wconf 86' lang='lat' dir='ltr'><strong>Schraderi</strong></span> <span class='ocrx_word' id='word_1_141' title='bbox 831 2279 952 2334; x_wconf 86' lang='lat' dir='ltr'><strong>libri,</strong></span> <span class='ocrx_word' id='word_1_142' title='bbox 1005 2281 1080 2336; x_wconf 88' lang='lat' dir='ltr'><strong>qui</strong></span> <span class='ocrx_word' id='word_1_143' title='bbox 1123 2280 1380 2323; x_wconf 82' lang='lat' dir='ltr'><strong>inscribitur</strong></span> <span class='ocrx_word' id='word_1_144' title='bbox 1432 2281 1531 2333; x_wconf 79' lang='lat' dir='ltr'><strong>„die</strong></span> <span class='ocrx_word' id='word_1_145' title='bbox 1571 2281 1695 2323; x_wconf 75' lang='lat' dir='ltr'><strong>Keil-</strong></span> 
     </span>
     <span class='ocr_line' id='line_1_21' title="bbox 129 2353 1696 2411; baseline -0.001 -16"><span class='ocrx_word' id='word_1_146' title='bbox 129 2353 382 2411; x_wconf 71' lang='lat' dir='ltr'><strong>imchmften</strong></span> <span class='ocrx_word' id='word_1_147' title='bbox 421 2368 464 2395; x_wconf 81' lang='lat' dir='ltr'><strong>u.</strong></span> <span class='ocrx_word' id='word_1_148' title='bbox 504 2353 581 2395; x_wconf 81' lang='lat' dir='ltr'><strong>das</strong></span> <span class='ocrx_word' id='word_1_149' title='bbox 621 2353 724 2395; x_wconf 77' lang='lat' dir='ltr'><strong>Alte</strong></span> <span class='ocrx_word' id='word_1_150' title='bbox 768 2353 1031 2395; x_wconf 75' lang='lat' dir='ltr'><strong>Testament“</strong></span> <span class='ocrx_word' id='word_1_151' title='bbox 1074 2353 1315 2396; x_wconf 88' lang='lat' dir='ltr'><strong>editionem</strong></span> <span class='ocrx_word' id='word_1_152' title='bbox 1355 2353 1534 2396; x_wconf 88' lang='lat' dir='ltr'><strong>alteram</strong></span> <span class='ocrx_word' id='word_1_153' title='bbox 1575 2367 1696 2395; x_wconf 90' lang='lat' dir='ltr'><strong>nunc</strong></span> 
     </span>
     <span class='ocr_line' id='line_1_22' title="bbox 130 2425 731 2482; baseline -0.003 -14"><span class='ocrx_word' id='word_1_154' title='bbox 130 2440 271 2482; x_wconf 75' lang='lat' dir='ltr'><strong>nuper</strong></span> <span class='ocrx_word' id='word_1_155' title='bbox 300 2425 464 2468; x_wconf 86' lang='lat' dir='ltr'><strong>editam</strong></span> <span class='ocrx_word' id='word_1_156' title='bbox 503 2425 615 2481; x_wconf 87' lang='lat' dir='ltr'><strong>(pag.</strong></span> <span class='ocrx_word' id='word_1_157' title='bbox 641 2426 731 2480; x_wconf 86' lang='lat'><strong>22).</strong></span> 
     </span>
    </p>

    <p class='ocr_par' dir='ltr' id='par_1_11' title="bbox 244 2497 1422 2554">
     <span class='ocr_line' id='line_1_23' title="bbox 244 2497 1422 2554; baseline -0.001 -13"><span class='ocrx_word' id='word_1_158' title='bbox 244 2498 318 2541; x_wconf 89' lang='lat' dir='ltr'><strong>Ad</strong></span> <span class='ocrx_word' id='word_1_159' title='bbox 346 2512 447 2554; x_wconf 86' lang='lat' dir='ltr'><strong>pag.</strong></span> <span class='ocrx_word' id='word_1_160' title='bbox 473 2502 525 2539; x_wconf 91' lang='lat'><strong>33</strong></span> <span class='ocrx_word' id='word_1_161' title='bbox 558 2497 638 2540; x_wconf 90' lang='lat' dir='ltr'><strong>lin.</strong></span> <span class='ocrx_word' id='word_1_162' title='bbox 668 2503 705 2550; x_wconf 88' lang='lat'><strong>7,</strong></span> <span class='ocrx_word' id='word_1_163' title='bbox 740 2511 841 2553; x_wconf 86' lang='lat' dir='ltr'><strong>pag.</strong></span> <span class='ocrx_word' id='word_1_164' title='bbox 869 2502 920 2538; x_wconf 87' lang='lat'><strong>34</strong></span> <span class='ocrx_word' id='word_1_165' title='bbox 952 2497 1031 2539; x_wconf 87' lang='lat' dir='ltr'><strong>lin.</strong></span> <span class='ocrx_word' id='word_1_166' title='bbox 1058 2503 1106 2539; x_wconf 79' lang='lat'><strong>4:</strong></span> <span class='ocrx_word' id='word_1_167' title='bbox 1144 2498 1199 2540; x_wconf 86' lang='lat' dir='ltr'><strong>cf.</strong></span> <span class='ocrx_word' id='word_1_168' title='bbox 1224 2513 1325 2554; x_wconf 90' lang='lat' dir='ltr'><strong>pag.</strong></span> <span class='ocrx_word' id='word_1_169' title='bbox 1354 2503 1422 2540; x_wconf 83' lang='lat'><strong>53.</strong></span> 
     </span>
    </p>

    <p class='ocr_par' dir='ltr' id='par_1_12' title="bbox 130 2562 1692 2702">
     <span class='ocr_line' id='line_1_24' title="bbox 245 2562 1692 2626; baseline 0.001 -14"><span class='ocrx_word' id='word_1_170' title='bbox 245 2570 318 2612; x_wconf 87' lang='lat' dir='ltr'><strong>Ad</strong></span> <span class='ocrx_word' id='word_1_171' title='bbox 346 2584 447 2626; x_wconf 85' lang='lat' dir='ltr'><strong>pag.</strong></span> <span class='ocrx_word' id='word_1_172' title='bbox 473 2575 525 2612; x_wconf 91' lang='grc'><strong>37</strong></span> <span class='ocrx_word' id='word_1_173' title='bbox 558 2569 637 2611; x_wconf 91' lang='lat' dir='ltr'><strong>lin.</strong></span> <span class='ocrx_word' id='word_1_174' title='bbox 664 2574 716 2611; x_wconf 87' lang='grc'><strong>26</strong></span> <span class='ocrx_word' id='word_1_175' title='bbox 748 2583 864 2624; x_wconf 88' lang='lat' dir='ltr'><strong>sqq.:</strong></span> <span class='ocrx_word' id='word_1_176' title='bbox 911 2570 1011 2613; x_wconf 92' lang='lat' dir='ltr'><strong>Hoc</strong></span> <span class='ocrx_word' id='word_1_177' title='bbox 1047 2562 1223 2612; x_wconf 89' lang='lat' dir='ltr'><strong>fabulae</strong></span> <span class='ocrx_word' id='word_1_178' title='bbox 1253 2570 1373 2612; x_wconf 87' lang='lat' dir='ltr'><strong>illius</strong></span> <span class='ocrx_word' id='word_1_179' title='bbox 1413 2570 1540 2613; x_wconf 85' lang='lat' dir='ltr'><strong>initio</strong></span> <span class='ocrx_word' id='word_1_180' title='bbox 1574 2571 1692 2614; x_wconf 85' lang='lat' dir='ltr'><strong>solo</strong></span> 
     </span>
     <span class='ocr_line' id='line_1_25' title="bbox 130 2639 1648 2702; baseline 0.001 -18"><span class='ocrx_word' id='word_1_181' title='bbox 130 2641 238 2685; x_wconf 82' lang='lat' dir='ltr'><strong>satis</strong></span> <span class='ocrx_word' id='word_1_182' title='bbox 266 2641 457 2698; x_wconf 82' lang='lat' dir='ltr'><strong>probari,</strong></span> <span class='ocrx_word' id='word_1_183' title='bbox 491 2641 759 2698; x_wconf 79' lang='lat' dir='ltr'><strong>Babylonios</strong></span> <span class='ocrx_word' id='word_1_184' title='bbox 788 2639 1138 2684; x_wconf 82' lang='lat' dir='ltr'><strong>hebdomadibus</strong></span> <span class='ocrx_word' id='word_1_185' title='bbox 1168 2657 1268 2702; x_wconf 84' lang='lat' dir='ltr'><strong>usos</strong></span> <span class='ocrx_word' id='word_1_186' title='bbox 1300 2657 1407 2696; x_wconf 87' lang='lat' dir='ltr'><strong>esse,</strong></span> <span class='ocrx_word' id='word_1_187' title='bbox 1443 2658 1533 2684; x_wconf 88' lang='lat' dir='ltr'><strong>non</strong></span> <span class='ocrx_word' id='word_1_188' title='bbox 1564 2643 1648 2699; x_wconf 88' lang='lat' dir='ltr'><strong>ajo.</strong></span> 
     </span>
    </p>

    <p class='ocr_par' dir='ltr' id='par_1_13' title="bbox 129 2714 1695 2915">
     <span class='ocr_line' id='line_1_26' title="bbox 245 2714 1687 2772; baseline 0.001 -16"><span class='ocrx_word' id='word_1_189' title='bbox 245 2714 317 2756; x_wconf 75' lang='grc' dir='ltr'><strong>Διά</strong></span> <span class='ocrx_word' id='word_1_190' title='bbox 344 2728 447 2770; x_wconf 78' lang='lat' dir='ltr'><strong>pag.</strong></span> <span class='ocrx_word' id='word_1_191' title='bbox 469 2719 520 2755; x_wconf 89' lang='lat'><strong>57</strong></span> <span class='ocrx_word' id='word_1_192' title='bbox 550 2714 632 2755; x_wconf 82' lang='lat' dir='ltr'><strong>lin.</strong></span> <span class='ocrx_word' id='word_1_193' title='bbox 652 2718 705 2755; x_wconf 84' lang='lat'><strong>26</strong></span> <span class='ocrx_word' id='word_1_194' title='bbox 735 2728 847 2769; x_wconf 89' lang='lat' dir='ltr'><strong>sqq.:</strong></span> <span class='ocrx_word' id='word_1_195' title='bbox 883 2714 989 2756; x_wconf 76' lang='lat' dir='ltr'><strong>Noli</strong></span> <span class='ocrx_word' id='word_1_196' title='bbox 1018 2715 1252 2771; x_wconf 82' lang='lat' dir='ltr'><strong>neglegere</strong></span> <span class='ocrx_word' id='word_1_197' title='bbox 1284 2716 1402 2769; x_wconf 91' lang='lat' dir='ltr'><strong>quod</strong></span> <span class='ocrx_word' id='word_1_198' title='bbox 1432 2715 1479 2757; x_wconf 89' lang='lat' dir='ltr'><strong>in</strong></span> <span class='ocrx_word' id='word_1_199' title='bbox 1510 2730 1610 2772; x_wconf 86' lang='lat' dir='ltr'><strong>pag.</strong></span> <span class='ocrx_word' id='word_1_200' title='bbox 1639 2721 1687 2757; x_wconf 82' lang='lat'><strong>51</strong></span> 
     </span>
     <span class='ocr_line' id='line_1_27' title="bbox 129 2785 1695 2843; baseline 0.002 -16"><span class='ocrx_word' id='word_1_201' title='bbox 129 2785 188 2828; x_wconf 80' lang='lat' dir='ltr'><strong>ad</strong></span> <span class='ocrx_word' id='word_1_202' title='bbox 215 2785 394 2828; x_wconf 75' lang='lat' dir='ltr'><strong>tabulae</strong></span> <span class='ocrx_word' id='word_1_203' title='bbox 422 2785 547 2828; x_wconf 76' lang='lat' dir='ltr'><strong>illius</strong></span> <span class='ocrx_word' id='word_1_204' title='bbox 574 2786 738 2828; x_wconf 85' lang='lat' dir='ltr'><strong>lineam</strong></span> <span class='ocrx_word' id='word_1_205' title='bbox 759 2787 781 2828; x_wconf 97' lang='lat' dir='ltr'>I</span> <span class='ocrx_word' id='word_1_206' title='bbox 804 2791 857 2828; x_wconf 80' lang='lat'><strong>29</strong></span> <span class='ocrx_word' id='word_1_207' title='bbox 879 2787 1101 2829; x_wconf 79' lang='lat' dir='ltr'><strong>adnotavi.</strong></span> <span class='ocrx_word' id='word_1_208' title='bbox 1145 2788 1296 2832; x_wconf 78' lang='lat' dir='ltr'><strong>Quum</strong></span> <span class='ocrx_word' id='word_1_209' title='bbox 1322 2787 1536 2843; x_wconf 47' lang='lat' dir='ltr'><strong>{ml-..qen-</strong></span> <span class='ocrx_word' id='word_1_210' title='bbox 1562 2788 1695 2830; x_wconf 68' lang='lat' dir='ltr'><strong>ubdm&#39;</strong></span> 
     </span>
     <span class='ocr_line' id='line_1_28' title="bbox 129 2856 1692 2915; baseline 0.003 -16"><span class='ocrx_word' id='word_1_211' title='bbox 129 2856 378 2914; x_wconf 72' lang='lat' dir='ltr'><strong>significare</strong></span> <span class='ocrx_word' id='word_1_212' title='bbox 400 2858 602 2901; x_wconf 76' lang='lat' dir='ltr'><strong>videatur</strong></span> <span class='ocrx_word' id='word_1_213' title='bbox 633 2858 948 2910; x_wconf 70' lang='lat' dir='ltr'><strong>„directionem</strong></span> <span class='ocrx_word' id='word_1_214' title='bbox 978 2874 1014 2900; x_wconf 90' lang='lat' dir='ltr'><strong>s.</strong></span> <span class='ocrx_word' id='word_1_215' title='bbox 1038 2859 1356 2915; x_wconf 86' lang='lat' dir='ltr'><strong>porrectionem</strong></span> <span class='ocrx_word' id='word_1_216' title='bbox 1385 2859 1556 2915; x_wconf 82' lang='lat' dir='ltr'><strong>digiti“,</strong></span> <span class='ocrx_word' id='word_1_217' title='bbox 1591 2864 1692 2903; x_wconf 60' lang='lat' dir='ltr'><strong>rimu</strong></span> 
     </span>
    </p>
   </div>
  </div>
 </body>
</html>
