1904 3216
735 191 1066 231 4-97—

138 308 325 360 ponunt.
389 302 454 344 Ac
483 302 667 345 minime
697 305 943 358 putandum
974 312 1050 357 est,
1089 304 1344 360 scriptorem
1364 306 1701 348 Deuteronomii

138 375 254 419 hanc
284 373 447 416 dixisse
477 376 714 428 rationem,
754 376 857 430 quia
886 376 1066 418 alteram
1096 391 1188 419 non
1218 375 1412 418 noverit:
1457 378 1535 419 sed
1566 378 1697 432 quod,

139 462 275 503 quum
306 446 602 489 misericordia
632 454 874 489 commotus
905 450 1036 490 verba
1067 455 1145 499 „ut
1163 447 1408 504 requiescat
1427 462 1578 491 servus
1601 457 1702 491 tuus

138 526 186 562 et
223 518 386 561 ancilla
426 526 501 560 tua
541 519 655 561 sicut
690 523 781 571 tu“,
831 519 1089 576 scripsisset,
1138 526 1188 562 ut
1237 519 1343 562 alibi
1383 520 1445 563 ita
1484 520 1567 563 hoc
1606 521 1701 563 loco

138 590 302 647 adjecit
351 589 719 643 cohortationem,
772 598 823 633 ut
871 591 1092 634 servitutis
1142 591 1437 647 Aegyptiacae
1487 607 1700 635 memores

139 671 311 716 essent,
374 663 494 705 unde
546 662 657 705 ratio
713 662 789 705 illa
842 663 920 705 otii
974 662 1211 717 sabbatici,
1271 670 1321 705 ut
1364 671 1701 707 monumentum

140 742 256 778 esset
291 733 586 788 liberationis,
632 736 978 790 consequebatur
993 736 1021 777 ¹.
1095 735 1234 778 Nobis
1273 750 1377 778 sane
1416 735 1553 778 altera
1591 736 1702 779 ratio

139 807 281 850 multo
337 806 509 863 gravior
564 806 758 859 videtur,
817 806 919 861 quia
970 807 1026 849 ad
1072 822 1223 849 omnes
1268 807 1470 850 homines
1516 816 1697 864 spectat,

130 894 191 922 ea
228 893 346 932 vero,
395 894 527 934 quam
558 878 951 921 Deuteronomium
982 878 1134 932 habet,
1181 880 1236 922 ad
1268 879 1487 922 Israelitas
1529 887 1703 923 tantum

137 952 346 1007 pertinet.
409 951 496 994 Sed
534 951 650 1007 apud
688 965 761 993 eos
790 950 912 992 illam
942 950 1042 1006 plus
1072 951 1343 994 auctoritatis
1373 951 1580 994 habuisse
1611 967 1702 994 non

138 1023 377 1066 verisimile
409 1029 490 1076 est,
535 1023 695 1078 quibus
724 1037 793 1065 res
824 1023 1022 1065 omnium
1052 1023 1307 1080 gravissima
1337 1031 1445 1076 erat,
1489 1023 1701 1066 Jehovam

139 1094 335 1152 ipsorum
379 1109 472 1138 esse
528 1096 678 1149 deum⁷
734 1094 921 1149 ideoque
966 1095 1236 1138 liberationis
1286 1095 1438 1152 populi
1493 1095 1725 1149 servitute,

138 1167 412 1224 Aegyptiaca
459 1167 654 1224 oppressi
703 1167 913 1209 memoria
966 1166 1143 1222 majoris
1195 1167 1408 1210 momenti
1453 1167 1697 1219 videbatur,

142 1255 274 1295 quam
303 1238 460 1282 mundi
491 1239 641 1293 creati,
677 1245 719 1281 et
750 1238 825 1293 qui
854 1254 911 1281 ne
940 1246 1039 1295 post
1070 1239 1294 1282 Christum
1325 1239 1505 1296 quidem
1536 1247 1702 1282 statue-

137 1321 257 1366 runt,
292 1313 473 1354 sabbata
502 1310 707 1354 omnibus
736 1310 909 1367 populis
947 1312 1217 1353 observanda
1258 1326 1352 1354 esse
1365 1313 1397 1354 2.
1460 1311 1697 1364 Israelitae,

140 1384 216 1439 qui
247 1383 423 1440 septimi
453 1383 665 1439 cujusque
697 1383 786 1425 diei
817 1382 1096 1425 sanctitatem
1132 1383 1278 1439 quiete
1308 1383 1394 1426 Dei
1431 1390 1531 1439 post
1570 1398 1704 1425 mun-

138 1457 248 1499 dum
267 1469 345 1498 sex
364 1455 520 1497 diebus
547 1462 739 1496 creatum
759 1454 958 1497 effectam
988 1469 1082 1497 esse
1113 1455 1359 1507 credebant,
1396 1454 1530 1497 simul
1561 1455 1702 1498 credi-

137 1527 271 1580 disse,
305 1525 476 1569 sabbati
497 1526 846 1568 observationem
866 1525 951 1568 Dei
973 1526 1147 1568 decreto
1167 1533 1264 1582 post
1285 1527 1401 1582 ipsos
1425 1541 1479 1569 ex
1498 1528 1700 1583 Aegypto

137 1612 330 1656 egressos
360 1597 611 1641 institutam
641 1612 750 1650 esse,
795 1598 990 1654 profecto
1028 1612 1120 1640 non
1162 1598 1309 1640 minus
1349 1598 1574 1655 probabile
1616 1607 1695 1647 est,

137 1685 270 1726 quam
294 1671 418 1725 ‚quod
446 1669 580 1712 simul
608 1669 822 1712 Jehovam
859 1670 969 1712 coeli
1007 1677 1050 1712 et
1086 1677 1225 1712 terrae
1265 1670 1512 1713 effectorem
1551 1671 1702 1713 crede-

135 1743 246 1784 bant
275 1749 319 1784 et
348 1741 451 1783 deos
482 1741 667 1783 aliarum
695 1742 927 1784 nationum
958 1756 1058 1784 vere
1096 1742 1199 1784 deos
1237 1757 1332 1785 esse
1372 1742 1694 1791 existimabant,

139 1828 271 1870 quam
290 1813 527 1856 multorum
547 1813 800 1869 opinionem
831 1813 966 1855 fuisse
998 1828 1052 1855 ex
1080 1813 1282 1869 pluribus
1304 1815 1402 1857 Vet.
1428 1815 1699 1857 Testamenti

135 1885 245 1930 locis
274 1884 591 1942 cognoscimus.

254 1956 615 2001 Enuntiationem
644 1957 784 1999 Exod.
810 1961 879 2012 20,
912 1962 956 1998 11
991 1972 1085 2000 sero
1117 1957 1164 1999 in
1195 1957 1452 2014 decalogum
1482 1966 1701 2015 receptam

139 2044 233 2073 esse
246 2062 256 2080 ,
294 2030 426 2072 etiam
456 2043 506 2071 eo
536 2028 710 2085 probari
741 2028 867 2084 ajunt
897 2029 979 2071 viri
1010 2030 1151 2084 docti,
1194 2030 1309 2085 quod
1353 2038 1454 2073 ante
1495 2030 1700 2073 exsilium

139 2100 461 2158 Babylonicum
486 2100 709 2143 Israelitae
731 2101 875 2143 Deum
904 2116 982 2144 sex
1011 2101 1167 2144 diebus
1188 2102 1341 2145 fecisse
1372 2103 1587 2145 mundum
1608 2117 1699 2145 non

137 2173 420 2219 crediderint.
483 2173 535 2215 Id
577 2173 651 2228 qui
681 2179 867 2229 ponunt,
909 2173 1071 2215 librum
1110 2172 1388 2216 elohisticum
1434 2174 1487 2230 (A
1518 2174 1609 2217 sive
1640 2176 1690 2230 Q)

138 2253 238 2301 post
287 2244 490 2288 exsilium
539 2252 615 2287 aut
663 2244 710 2286 in
769 2244 923 2288 exsilio
979 2245 1189 2301 scriptum
1250 2261 1343 2288 esse
1403 2248 1693 2289 contendunt.

139 2318 286 2362 Quam
315 2316 492 2372 quidem
521 2331 613 2358 rem
641 2316 725 2359 hoc
754 2316 849 2359 loco
890 2317 1138 2360 examinare
1178 2318 1361 2374 longum
1399 2326 1490 2361 est:
1534 2320 1611 2362 sed
1649 2327 1699 2361 ut

138 2388 202 2431 ita
232 2388 291 2432 sit
320 2389 687 2444 quemadmodum
717 2388 783 2430 illi
804 2389 973 2443 dicunt,
1007 2397 1155 2432 tamen
1175 2405 1265 2432 non
1286 2390 1484 2446 cogimur
1505 2392 1691 2443 credere,

138 2474 207 2503 res
238 2460 380 2516 capite
410 2460 432 2502 I
462 2461 687 2503 Geneseos
718 2468 909 2504 narratas
939 2461 1151 2504 Israelitis
1182 2470 1311 2504 antea
1341 2462 1513 2519 ignotas
1543 2463 1690 2516 fuisse,

138 2545 222 2574 nec
269 2531 550 2588 prohibemur
599 2532 831 2587 quominus
880 2522 1163 2588 arbitremur,
1217 2534 1361 2590 legem
1410 2534 1693 2588 sabbaticam,

138 2603 282 2659 qualis
319 2603 367 2645 in
405 2603 517 2647 libro
549 2604 690 2646 Exodi
730 2604 905 2661 legitur,
949 2605 1255 2662 perantiquam
1295 2622 1403 2649 esse.
1476 2607 1577 2649 Non
1617 2622 1697 2649 ne-

139 2675 404 2732 glegendum
434 2683 512 2729 est,
549 2675 697 2732 plures
738 2676 786 2718 in
825 2691 876 2719 ea
913 2692 981 2720 res
1027 2678 1124 2720 aliis
1157 2678 1387 2720 ¹vocabulis
1427 2678 1695 2735 significatas

237 2779 264 2820 1)
290 2777 344 2814 Of.
368 2778 479 2815 etiam
502 2779 647 2815 Marti
671 2778 710 2814 in
734 2780 882 2815 Jahrbb.
901 2782 940 2826 f.
962 2786 1113 2829 protest.
1147 2782 1265 2817 Theol.
1291 2782 1343 2817 VI
1367 2793 1447 2828 pag.
1467 2784 1534 2817 329
1552 2793 1606 2828 sq.

234 2836 265 2876 2)
294 2833 478 2879 Samen,
506 2836 551 2872 de
571 2837 658 2883 jure
683 2842 800 2873 natur.
826 2844 863 2873 et
885 2839 1052 2884 gentium
1072 2839 1182 2885 juxta
1208 2839 1295 2875 disc.
1322 2839 1420 2882 Ebr.‚
1450 2851 1485 2887 p.
1507 2841 1572 2874 333
1591 2851 1645 2886 sq.

210 2903 316 2936 Lotz,
336 2903 461 2932 historia
479 2905 606 2932 sabbati.
1398 2911 1416 2943 7
