1904 3216
865 196 1149 237 -35-

233 309 349 363 quod
379 307 578 349 homines
607 306 670 361 pii
700 306 838 362 magis
866 306 1091 362 magisque
1112 308 1195 350 sibi
1214 310 1520 363 persuaserint,
1553 310 1777 366 religionis

234 386 364 435 caput
394 393 485 420 esse
525 378 670 420 omnia
711 391 830 418 sacra
868 377 950 419 rite
988 386 1246 434 perpetrare.
1319 380 1550 424 Enimvero
1588 383 1617 423 J
1619 383 1777 424 eremia

231 466 321 493 non
351 450 497 491 minus
529 448 714 503 graviter
744 462 794 489 ac
823 463 971 491 severe
1002 463 1131 503 quam
1160 450 1396 506 prophetae
1425 451 1588 507 priores
1609 461 1772 507 monet,

232 529 282 563 ut
311 520 527 576 probitate
558 527 600 560 et
629 519 791 574 pietate
821 521 942 562 Deus
973 521 1152 574 colatur,
1189 536 1297 575 quae
1335 522 1392 564 sit
1421 537 1519 565 vera
1549 523 1704 580 religio
1735 531 1777 566 et

235 592 388 634 melior
410 604 539 644 quam
560 590 826 633 immolando
848 599 890 633 et
905 591 1146 646 jejunando
1160 593 1305 634 Deum
1325 594 1467 649 specie
1486 595 1631 650 potius
1648 609 1776 649 quam

232 663 359 705 corde
380 661 575 703 venerari
605 661 654 715 (4,
683 666 803 703 1—4.
842 668 878 714 7,
902 668 1085 704 20—23.
1112 666 1241 716 9,'23.
1269 669 1335 716 22,
1360 666 1503 720 3—4).
1553 666 1770 720 Sequitur,

229 733 399 776 sabbati
431 733 620 787 quietem
652 740 695 774 et
724 733 854 775 aliam
886 742 928 776 et
957 735 1095 776 multo
1116 734 1340 777 meliorem
1360 750 1449 778 rem
1470 736 1664 778 habitam
1684 743 1775 779 esse'

232 819 362 859 quam
393 804 615 846 sacrificia.
669 805 814 859 Atque
846 798 979 860 quum
1011 805 1143 848 ceteri
1175 821 1344 861 quoque
1364 808 1612 863 prophetae,
1639 821 1776 862 quan-

230 876 392 918 tumvis
409 883 549 917 cetera
569 890 688 917 sacra
709 876 927 931 despicere
948 877 1194 930 videantur,
1215 879 1382 920 sabbati
1403 879 1541 921 otium
1560 893 1777 933 nusquam

226 948 476 1003 vituperent
505 954 580 989 aut
611 954 892 989 contemnant
906 951 934 1001 ¹,
969 948 1204 991 verisimile
1234 948 1344 990 mihi
1373 949 1560 1003 videtur,
1596 957 1639 992 et
1659 949 1774 1005 ipsos

227 1019 366 1061 multo
395 1018 533 1074 pluris
564 1018 732 1060 fecisse.

342 1090 544 1132 Ezechiel
575 1098 688 1132 certe
718 1105 817 1132 cum
838 1090 1026 1132 Jeremia
1056 1091 1273 1133 consentit
1301 1091 1349 1132 in
1379 1092 1647 1135 aestimando
1678 1094 1776 1134 sab-

227 1162 321 1204 bati
352 1162 454 1204 otio.
510 1162 786 1216 Quamquam
817 1160 1027 1204 sacrificia
1056 1161 1218 1216 majore
1248 1162 1295 1203 in
1325 1163 1466 1217 pretio
1485 1163 1618 1207 habet
1647 1177 1776 1218 quam

226 1234 390 1289 priores
419 1233 670 1289 prophetae,
705 1239 853 1274 tamen
884 1247 948 1286 eo,
984 1234 1100 1287 quod
1130 1235 1309 1275 sabbata
1345 1234 1515 1289 (labore)
1551 1233 1777 1290 profanata

228 1320 319 1347 non
350 1305 483 1347 semel
512 1312 684 1347 tantum
715 1318 888 1346 causam
917 1304 1043 1359 ponit
1064 1304 1152 1346 irae
1173 1304 1273 1358 Dei,
1305 1319 1492 1360 regnum
1511 1305 1777 1348 Judaeorum

228 1376 429 1429 deleturi,
462 1376 696 1431 significat,
727 1375 895 1417 nullam
915 1375 1046 1417 aliam
1076 1375 1333 1431 religionem
1364 1375 1578 1432 dignitate
1607 1376 1776 1419 sabbati

229 1448 370 1490 otium
400 1461 599 1502 aequare.

340 1519 485 1561 Etiam
516 1519 564 1560 in
584 1518 800 1574 capitibus
820 1518 904 1560 XL
912 1518 1114 1560 ——LXVI
1135 1517 1235 1560 libri
1254 1519 1282 1559 J
1284 1517 1423 1573 esajae
1445 1517 1616 1560 sabbati
1635 1518 1774 1560 otium

225 1604 488 1646 magnopere
518 1590 846 1632 commendatur
882 1591 935 1643 (ν.
968 1589 1085 1631 locos
1116 1603 1246 1644 supra
1274 1604 1373 1645 pag.
1402 1594 1452 1630 79
1474 1603 1539 1643 sq.
1574 1589 1756 1643 allatos).

342 1662 486 1706 Quam
516 1660 738 1703 Israelitae
779 1675 951 1702 causam
992 1675 1042 1702 ac
1081 1659 1294 1702 rationem
1332 1659 1411 1702 otii
1449 1660 1661 1702 sabbatici
1696 1675 1776 1716 po-

228 1733 410 1785 suerint,
434 1732 626 1787 priorum
647 1732 958 1787 prophetarum
977 1731 1080 1772 libri
1099 1744 1190 1772 non
1211 1731 1381 1773 docent.
1420 1731 1611 1773 Jeremia
1629 1739 1777 1774 autem

229 1818 364 1858 quum
394 1803 554 1845 laboris
584 1803 953 1845 intermissionem
982 1802 1124 1844 verbis
1156 1803 1412 1853 „sabbatum
1441 1810 1590 1846 sancte
1619 1808 1773 1859 agere“

229 1875 448 1932 significat
478 1881 520 1917 et
550 1874 752 1916 Ezechiel
782 1876 1009 1917 sabbatum
1041 1873 1212 1928 (labore)
1242 1873 1533 1929 profanari
1546 1875 1563 1903 2
1593 1888 1775 1928 querens

226 1947 478 1999 ostendunt,
513 1947 690 1988 sabbata
721 1946 814 1988 dies
843 1946 870 1986 J
872 1945 1034 1987 ehovae
1071 1959 1162 1987 esse
1191 1944 1354 1998 habita,
1401 1959 1584 1998 quorum
1613 1946 1776 1988 sancti-

229 2026 294 2060 tas
323 2017 544 2059 laboribus
574 2017 689 2059 vitae
719 2017 999 2072 quotidianae
1037 2016 1284 2059 violaretur.
1349 2016 1588 2061 Sabbatum
1625 2024 1774 2059 sancte

227 2089 447 2145 agendum
478 2096 546 2131 est
573 2103 664 2131 non
685 2088 885 2130 faciendo
905 2087 1084 2142 aliquid,
1121 2088 1198 2130 sed
1227 2102 1335 2130 non
1363 2088 1602 2144 agendo,
1636 2087 1773 2131 inter-

227 2160 442 2202 mittendo
471 2160 664 2202 laborem
695 2159 999 2214 quotidianum
1039 2158 1110 2200 die
1139 2160 1167 2200 J
1168 2159 1351 2212 ehovae,
1394 2174 1479 2214 quo
1517 2159 1646 2201 homo
1683 2173 1772 2201 non

226 2233 356 2274 debet
395 2231 462 2272 uti
499 2232 555 2273 ad
593 2246 670 2273 sua
709 2230 885 2286 negotia
923 2231 1107 2286 agenda.
1180 2233 1301 2272 Bene
1341 2237 1487 2272 autem
1525 2229 1649 2283 facit,
1698 2230 1772 2284 qui

227 2305 456 2345 sabbatum
485 2304 539 2344 ab
569 2302 774 2358 operibus
804 2301 1061 2344 abstinendo
1093 2309 1241 2344 sancte
1270 2301 1381 2357 agit,
1425 2315 1516 2343 non
1546 2301 1663 2355 quod
1691 2301 1773 2344 ali-

227 2374 334 2429 quid
362 2376 528 2416 bonum
555 2374 735 2415 otiando
764 2374 855 2426 fiat,
889 2374 966 2415 sed
996 2373 1112 2427 quod
1139 2372 1331 2415 Jehovae
1361 2372 1434 2414 ille
1463 2380 1586 2428 paret
1615 2380 1659 2415 et
1678 2372 1772 2427 ejus

322 2535 352 2576 1>
381 2533 504 2578 Jesaja
534 2532 560 2568 l.
588 2531 614 2566 l.
650 2531 930 2568 celebrationem
961 2532 1211 2574 sabbatorum,
1248 2542 1341 2577 quae
1372 2530 1559 2567 sacrificiis
1591 2535 1660 2566 etc.
1693 2531 1768 2573 flat,

225 2590 423 2637 vituperat,
449 2601 523 2625 non
546 2589 673 2625 otium.

322 2649 352 2690 2)
392 2647 504 2683 unuin
539 2654 593 2683 m<
624 2647 708 2693 *ιθ-πρ
740 2645 876 2692 legitur
906 2646 1055 2689 Jer.17‚
1086 2647 1140 2680 22.
1162 2647 1217 2681 24.
1234 2647 1288 2680 27.
1319 2644 1452 2680 Ezech.
1471 2646 1526 2687 20,
1549 2646 1605 2680 20.
1640 2646 1694 2689 44,
1715 2646 1771 2681 24.

228 2704 323 2740 Neh.
347 2706 399 2747 13,
421 2705 476 2741 22.
500 2703 640 2747 Decal.;
662 2704 774 2740 ramni-1
793 2711 847 2740 m<
863 2699 938 2739 ⁷:51¹}
962 2702 1099 2738 Ezech.
1118 2704 1173 2745 20,
1197 2704 1249 2737 13.
1269 2703 1323 2736 16.
1345 2702 1399 2736 21.
1421 2702 1476 2736 24.
1506 2703 1561 2744 22,
1582 2704 1613 2738 8.
1639 2703 1694 2744 23,
1715 2703 1769 2738 38.

226 2761 323 2797 Neh.
347 2763 399 2802 13,
423 2763 474 2797 17.
494 2762 547 2796 18.
579 2760 689 2808 Jesaj.
709 2763 764 2802 56,
784 2762 815 2796 2.
839 2759 960 2796 Exod.
978 2761 1031 2803 31,
1056 2761 1113 2801 14;
1150 2759 1262 2795 παύε’-τ
1288 2766 1342 2794 nt<
1367 2758 1447 2794 5⁷2&
1471 2757 1581 2805 Jesaj.
1604 2760 1658 2801 56,
1680 2761 1713 2794 2.
1734 2761 1767 2794 4.

227 2818 345 2854 Exod‚
364 2820 418 2861 31,
443 2820 497 2853 13.
518 2820 570 2852 14.
591 2820 644 2854 16.
669 2818 754 2853 Lev.
774 2819 827 2860 19,
850 2819 882 2853 3.
902 2819 958 2852 30.
985 2818 1040 2859 26,
1061 2819 1092 2852 2.
1118 2815 1244 2851 Decal.
