1904 3216
789 228 1075 270 ...83—

265 344 309 385 J.
343 342 632 384 Wellhausen
662 341 838 385 statuit:
876 343 970 391 „Im
1005 341 1205 383 lc'o‘clzsten
1248 341 1393 383 Grade
1429 341 1706 396 ausqebildet,

153 414 215 457 bis
243 428 320 457 zur
358 414 664 470 Veranderunq
699 414 774 456 der
815 414 1022 466 Qualitat,
1058 412 1264 456 erscheint
1300 412 1368 455 die
1396 413 1713 456 Sabbathsmhe

151 486 209 528 im
237 484 561 528 Priestercodex
596 518 757 528 .....
820 485 892 528 Sie
928 485 1037 527 wei-d
1069 485 1162 528 hier
1187 499 1299 541 qauz
1329 486 1516 528 abstraet
1541 500 1712 542 qenom-

151 571 260 609 men,
291 557 410 599 nicht
439 558 502 599 als
532 557 657 600 Ruhe
687 572 767 600 von
797 557 929 599 einem
960 559 1123 611 Etwas,
1158 558 1237 599 das
1267 557 1331 599 als
1361 556 1431 599 ihr
1461 558 1713 601 bestimmces

154 629 348 673 Correlat
377 629 596 682 erscheint,
631 645 669 671 z.
695 630 752 672 B.
787 643 867 671 von
897 629 973 671 der
992 629 1251 679 Feldarbeit,
1285 630 1465 671 sondern
1494 630 1559 673 als
1587 631 1713 673 Rake

149 701 423 745 scklechth-in.
477 703 586 744 Man
615 702 726 758 dms
748 715 816 743 am
847 701 1026 757 heiliyen
1061 702 1174 756 Taqe
1203 701 1319 743 nieht
1349 716 1426 743 aas
1456 702 1548 744 dem
1570 703 1714 759 Laqer

147 773 257 830 yelm
295 787 365 816 um
403 775 569 816 Manna
610 774 711 816 oder
747 773 866 816 Holz
907 787 959 815 zu
1001 774 1202 815 sammeln
1236 774 1321 815 Ex.
1356 775 1428 814 16.
1471 776 1601 816 Nam.
1638 777 1709 828 15,

149 844 268 887 nicht
297 845 456 887 einmal
475 846 613 888 Feuer
632 845 852 887 anzic'nden
871 845 961 886 und
977 844 1136 886 kochen
1157 847 1243 887 Ex.
1269 848 1337 898 35,
1365 848 1436 887 3“.
1483 846 1714 888 Sententia

149 925 227 970 est,
264 925 432 960 ceteras
462 917 581 974 leges
612 917 855 959 sabbaticas
886 923 1031 959 vetare
1060 916 1248 970 labores,
1295 931 1479 972 quorum
1521 917 1712 959 sabbatis

150 989 581 1032 intel-mittendorum
612 989 884 1032 consuetudo
915 996 1037 1044 parta
1068 989 1126 1032 sit
1151 989 1426 1031 naturalibus
1449 988 1713 1044 quibusdam

150 1061 450 1105 Israelitarum
479 1062 596 1104 vitae
625 1061 870 1103 rationibus
884 1095 893 1113 ,
940 1061 1003 1103 ita
1042 1068 1094 1103 ut
1132 1068 1333 1118 repetant
1363 1068 1558 1112 tantum,
1598 1061 1714 1116 quod

151 1134 312 1177 laboris
343 1134 607 1189 quibusdam
638 1133 872 1190 generibus
904 1133 1028 1188 quasi
1059 1133 1194 1176 insita
1224 1133 1298 1176 lex
1327 1134 1497 1176 dudum
1513 1132 1710 1188 jusserit,

151 1221 289 1262 quum
317 1205 422 1248 libri
451 1207 524 1249 PC
562 1206 683 1262 leges
714 1220 843 1262 opera
872 1205 1010 1258 nulla,
1045 1220 1102 1247 ne
1133 1220 1183 1248 ea
1213 1206 1405 1261 quidem,
1442 1220 1552 1261 quae
1583 1206 1715 1248 omit-

150 1286 243 1321 tere
270 1286 455 1321 naturae
484 1293 639 1334 pamm
670 1277 918 1331 conveniat,
953 1277 1147 1320 sabbatis
1178 1278 1274 1320 fieri
1302 1277 1576 1333 permittant,
1602 1285 1717 1320 tam-

151 1365 283 1406 quam
321 1351 394 1394 lex
431 1350 612 1406 physica
649 1365 718 1393 res
754 1350 968 1392 humanas
1008 1350 1132 1392 nulla
1170 1350 1342 1392 ratione
1379 1349 1424 1391 vi
1465 1349 1717 1405 importuna

151 1425 351 1465 coercens
382 1422 706 1478 (Wellhausen:
754 1455 775 1474 „
793 1455 802 1464 .
831 1455 840 1464 .
870 1455 878 1464 .
912 1422 991 1464 mit
1029 1423 1104 1463 der
1140 1420 1358 1464 Starrheit
1397 1421 1508 1464 eines
1548 1424 1716 1464 Natur-

147 1500 329 1551 9esetzes
359 1494 645 1550 azfftretendes
665 1494 895 1548 Statut“.).
948 1493 1199 1536 Referimus
1231 1494 1353 1536 haec.
1408 1493 1573 1536 Omnes
1594 1494 1715 1550 leges

149 1565 427 1609 sabbatime1
459 1565 644 1620 quodvis
682 1580 792 1622 opus
833 1566 1013 1607 sabbato
1052 1565 1150 1607 fieri
1189 1572 1352 1608 vetant.
1426 1567 1716 1622 Praeceptum

149 1637 262 1680 illud
295 1638 379 1680 Ex·
405 1642 474 1692 35,
501 1643 548 1679 3:
588 1637 775 1680 Nolite
814 1637 994 1693 ignem
1034 1637 1330 1680 incendere
1367 1637 1420 1679 in
1463 1637 1715 1680 omnibus

151 1709 454 1753 domiciliis
483 1710 682 1752 vestris
714 1710 800 1752 die
831 1709 1067 1762 sabbati,
1103 1711 1166 1752 ita
1188 1709 1411 1765 singulare
1439 1718 1518 1763 est,
1553 1718 1604 1753 ut
1624 1725 1715 1752 non

150 1782 294 1825 valeat
333 1796 405 1836 ea,
451 1797 563 1838 quae
599 1781 914 1824 Wellhauseno
953 1781 1117 1837 placet,
1167 1782 1416 1835 conclusio,
1460 1783 1715 1838 praesertim

151 1868 288 1910 quum
317 1853 555 1908 nesciatur,
589 1868 738 1896 nonne
769 1868 824 1896 ex
854 1867 985 1895 causa
1010 1853 1222 1909 peculiari
1253 1854 1403 1910 ignem
1430 1854 1623 1897 sabbatis
1645 1855 1717 1896 in-

151 1926 338 1969 cendere
358 1927 414 1968 ab
435 1926 753 1982 antiquissimis
774 1925 1044 1981 temporibus
1063 1925 1188 1968 nefas
1217 1926 1421 1968 habitum
1440 1926 1514 1969 sit.
1557 1927 1718 1968 Anim—

149 1998 468 2041 advertendum
518 2005 606 2051 est,
663 1997 851 2054 assyrios
906 2012 1076 2053 quoque
1121 1997 1256 2040 fastos
1302 2004 1448 2040 vetare
1463 2033 1472 2049 ‚
1528 2014 1584 2041 ne
1638 2014 1717 2042 rex

150 2084 328 2112 carnem
357 2084 491 2126 super
518 2070 667 2126 ignem
697 2077 884 2113 assatam
915 2071 1095 2113 sabbato
1127 2071 1227 2113 edat
1238 2072 1269 2112 2.
1323 2071 1536 2112 Mannam
1566 2078 1716 2114 autem

151 2141 356 2199 colligere
387 2156 467 2198 par
496 2150 562 2185 est
590 2142 812 2185 frumenta
841 2143 1069 2194 metendo,
1115 2157 1249 2198 quare
1290 2143 1335 2184 id
1366 2144 1545 2185 sabbato
1577 2143 1715 2185 inter-

153 2214 243 2258 dici
271 2228 363 2257 non
391 2214 576 2267 mirum,
620 2222 665 2257 et
694 2214 854 2271 lignari
884 2214 1077 2270 profecto
1115 2214 1239 2257 labor
1276 2222 1342 2257 est
1381 2230 1406 2257 a
1436 2215 1527 2257 diei
1567 2215 1717 2270 quies-

151 2286 281 2329 cendi
325 2293 483 2329 natura
530 2287 767 2329 admodum
820 2287 1072 2330 abhorrens.
1146 2287 1320 2332 Quibus
1369 2287 1578 2343 expositis
1621 2287 1716 2330 falli

151 2358 342 2412 videtur,
377 2358 454 2413 qui
483 2359 725 2413 contendit,
759 2359 902 2416 legem
932 2359 1125 2402 sabbatis
1146 2359 1274 2401 otiari
1289 2359 1522 2415 jubentem
1542 2367 1717 2403 auctam

150 2430 366 2486 paulatim
395 2437 527 2486 atque
558 2431 779 2474 intensam
810 2446 901 2474 esse
940 2431 1055 2474 levia
1085 2431 1241 2488 primo,
1285 2447 1387 2475 mox
1416 2432 1592 2487 leviora,
1636 2447 1717 2488 po-

155 2512 317 2545 stremo
349 2503 482 2545 etiam
512 2502 735 2546 levissima
765 2503 880 2546 vitae
911 2504 1175 2566 domesticae
1214 2504 1393 2559 negotia
1429 2519 1486 2546 ne
1525 2504 1717 2547 sabbatis

250 2689 276 2730 1)
306 2687 456 2723 Praeter
481 2698 552 2730 eas,
581 2699 672 2734 quas
695 2688 944 2731 tractavimus,
973 2693 1059 2724 sunt
1075 2688 1144 2724 Ex.
1163 2690 1218 2734 31,
1244 2690 1388 2724 13—17.
1415 2692 1470 2732 35,
1493 2691 1525 2725 2.
1550 2690 1637 2725 Lev.
1659 2691 1712 2733 19,

154 2746 255 2780 2—3.
273 2746 328 2780 30.
353 2745 411 2786 23,
431 2746 463 2782 3.
492 2746 547 2788 26,
569 2747 602 2782 2.

247 2814 280 2857 2>
306 2813 400 2849 Vide
424 2825 508 2861 pag.
526 2816 580 2850 56.
620 2813 811 2851 Israelitas
837 2813 982 2851 exsules
1006 2828 1027 2850 a
1050 2813 1267 2862 Babyloniis
1290 2815 1494 2852 victoribus
1519 2820 1616 2852 nunc
1641 2829 1716 2853 mo-

152 2882 228 2907 rem
252 2870 448 2918 accepisse,
475 2883 581 2908 nemo
606 2871 816 2908 crediderit.

1385 2944 1435 2977 ὅ*
