1904 3216
786 179 1072 220 ..65-

150 291 407 344 luminibus,
442 293 520 335 sed
550 300 665 335 certo
696 292 868 335 dierum
898 307 1082 336 numero
1110 293 1296 336 definire
1325 293 1583 336 voluerunt:
1629 308 1708 336 ne-

145 378 236 420 que
265 363 312 407 id
341 364 487 420 potuit
517 364 750 417 offendere,
785 364 838 415 si,
873 372 923 407 ut
952 372 1124 407 nosmet
1153 365 1381 419 sentimus,
1418 365 1511 408 dies
1541 366 1708 409 hebdo-

149 436 328 479 madum
356 435 580 478 lunarium
610 435 741 492 primi
772 436 844 479 vel
874 437 1058 479 extremi
1077 452 1169 479 non
1188 445 1314 480 erant
1333 437 1427 480 dies
1447 438 1550 481 fest-i
1571 437 1705 480 dicati

147 508 304 551 erae
333 506 489 561 cultui,
525 508 596 550 cui
626 515 822 551 mutatus
852 508 1176 552 hebdomadum
1207 510 1310 552 ordo
1343 518 1386 552 et
1407 509 1578 552 dierum
1597 510 1707 552 heb-

150 580 385 623 domadum
416 587 709 623 extremorum
740 581 952 623 festorum
987 595 1013 622 a
1041 580 1172 623 lunae
1212 581 1456 625 luminibus
1488 582 1708 626 discessus

147 651 389 696 officerent.

264 731 419 784 Itaque
468 729 762 773 hebdomades
822 730 1063 774 sabbaticas
1119 745 1210 773 non
1264 732 1319 773 ad
1369 731 1708 774 similitudinem

147 800 370 844 lunarium
412 801 475 844 sic
514 801 824 855 instituerunt,
876 810 927 844 ut
966 810 1201 858 quaternae
1246 803 1556 858 hebdomades,
1600 820 1708 860 qua-

147 887 246 915 rum
276 873 448 929 aliquae
478 881 575 917 octo
606 874 775 917 dierum
806 882 963 926 essent,
998 874 1195 930 singulos
1225 889 1396 917 menses
1421 876 1703 931 complerent,

149 945 311 1001 quippe
356 959 492 1000 quum
535 953 633 1002 post
677 961 804 989 senos
851 947 943 990 dies
996 947 1157 990 laboris
1212 948 1458 1000 sabbatum,
1521 948 1707 1003 ideoque

147 1024 379 1073 septenum
409 1018 580 1060 dierum
609 1018 903 1062 hebdomades
935 1019 1254 1062 desiderarent:
1299 1020 1390 1074 sed,
1436 1027 1487 1062 ut
1524 1028 1569 1063 et
1608 1036 1707 1064 cum

147 1103 411 1152 unoquoque
459 1105 610 1132 mense
656 1090 894 1133 hebdomas
939 1091 1154 1147 inciperet
1193 1098 1238 1134 et
1275 1091 1569 1135 hebdomades
1617 1093 1706 1135 fere

146 1161 278 1204 lunae
308 1161 459 1204 formis
489 1161 881 1218 distinguerentur,
917 1178 1056 1205 unum
1095 1163 1165 1206 vel
1205 1164 1293 1206 duo
1331 1164 1423 1207 dies
1461 1172 1560 1221 post
1601 1180 1708 1220 qua-

148 1239 294 1276 ternas
343 1233 640 1276 hebdomades
700 1234 823 1288 quasi
873 1235 1172 1278 intercalando
1226 1235 1552 1279 hebdomadum
1608 1252 1708 1280 cum

145 1304 278 1348 lunae
307 1304 477 1348 ambitu
507 1306 781 1348 concordiam
811 1307 1113 1349 restituerunt.
1178 1308 1385 1352 Ceterum
1414 1309 1709 1355 hebdomades

147 1376 226 1419 tali
254 1377 385 1419 modo
415 1384 610 1419 mutatae
650 1392 750 1419 cum
787 1378 919 1420 lunae
957 1379 1166 1422 varietate
1206 1380 1365 1422 eximie
1405 1395 1454 1423 eo
1496 1396 1709 1438 congrue-

145 1449 271 1498 bant,
307 1448 424 1503 quod
455 1462 592 1502 quum
622 1447 742 1504 ipsae
773 1449 863 1491 fere
895 1458 1082 1506 quatuor
1111 1451 1244 1493 lunae
1275 1452 1447 1506 formis,
1489 1461 1585 1495 tum
1616 1453 1708 1496 dies

143 1519 260 1562 inter
291 1526 490 1575 quartam
527 1520 690 1563 mensis
728 1521 886 1576 prioris
927 1529 970 1564 et
1007 1523 1193 1578 primam
1231 1522 1503 1579 insequentis
1543 1525 1708 1567 mensis

142 1591 364 1648 interjecti
397 1591 636 1634 interlunio
672 1592 792 1647 (luna
825 1594 1019 1649 obscura)
1056 1593 1256 1638 distincti
1287 1603 1427 1639 erant.

258 1670 327 1714 Ita
357 1670 559 1713 existimo
590 1670 756 1713 factum
800 1686 906 1723 esse,
953 1678 1003 1714 ut
1039 1672 1314 1729 singulorum
1351 1674 1571 1717 mensium
1613 1675 1706 1718 dies

144 1741 356 1799 septimus
387 1750 471 1786 etc.
506 1742 646 1798 quieti
677 1744 1016 1786 destinarentur.
1079 1747 1180 1788 Hoc
1209 1754 1358 1789 autem
1397 1747 1526 1790 modo
1562 1748 1599 1790 si
1639 1763 1706 1791 res

143 1828 368 1871 progressa
406 1822 492 1869 est,
535 1830 626 1858 non
661 1816 806 1872 potuit
844 1816 961 1870 fieri,
1007 1818 1115 1872 quin
1163 1818 1361 1860 omnium
1404 1819 1569 1862 civium
1615 1835 1707 1864 esse

144 1886 367 1931 videretur
386 1886 475 1930 illis
497 1887 651 1931 diebus
672 1888 813 1942 otiari,
845 1896 976 1943 atque
998 1888 1130 1932 etiam
1152 1890 1288 1932 servis
1310 1890 1449 1933 otium
1471 1894 1707 1936 concedere

143 1958 208 2001 fas
237 1966 479 2015 putaretur.

260 2037 347 2080 Sed
374 2036 484 2079 haec
512 2051 580 2079 res
611 2037 778 2080 incerta
809 2038 886 2092 sit,
931 2038 1043 2081 illud
1082 2039 1268 2082 dubium
1306 2055 1396 2082 non
1436 2050 1525 2095 est,
1559 2044 1707 2099 Baby·
1777 2062 1781 2066 ’

61 2142 73 2160 ,
141 2109 296 2163 Ionios,
332 2123 487 2152 senum
519 2108 691 2151 dierum
720 2110 942 2153 laboribus
969 2110 1193 2173 absolutis,
1230 2111 1467 2169 septimum
1488 2129 1705 2170 quemque

145 2181 263 2224 diem
293 2180 433 2236 quieti
465 2181 567 2223 dare
596 2182 764 2224 bonum
794 2197 845 2224 ac
868 2182 1040 2238 justum
1071 2182 1355 2226 existimasse.
1411 2186 1541 2230 Quod
1573 2186 1707 2229 etiam

142 2253 317 2296 fabulae
334 2253 552 2308 Nimrodi,
580 2253 859 2296 famosissimi
879 2254 999 2297 illius
1019 2254 1177 2308 hero'i's,
1214 2270 1283 2298 res
1313 2263 1458 2311 gestas
1477 2259 1705 2301 narrantis

143 2325 397 2369 testimonio
427 2327 650 2382 probatur.
713 2326 926 2369 Nimrodo
958 2327 1076 2369 enim
1106 2327 1154 2369 in
1185 2327 1371 2384 elysium
1408 2330 1704 2385 proficiscenti

142 2399 238 2441 XII
267 2397 402 2440 kasbu
432 2397 518 2440 iter
548 2405 612 2440 est
641 2398 908 2441 faciendum.
970 2401 1116 2454 Atque
1147 2415 1284 2455 quum
1315 2415 1370 2443 ex
1398 2416 1552 2457 regum
1583 2418 1704 2460 assy-

141 2470 308 2514 riorum
337 2469 571 2512 annalibus
601 2470 868 2524 noverimus,
903 2472 989 2514 duo
1019 2471 1151 2514 kasbu
1180 2472 1314 2514 unius
1335 2473 1424 2515 diei
1445 2473 1529 2516 iter
1550 2475 1699 2531 fuisse,

142 2542 358 2597 videmus,
393 2556 471 2584 sex
500 2541 593 2585 dies
623 2542 750 2584 illum
781 2543 869 2585 dici
899 2543 944 2585 in
975 2545 1205 2601 migrando
1234 2546 1569 2602 consumpsisse,
1604 2563 1705 2605 sep-

143 2615 251 2658 timo
281 2614 447 2671 cepisse
477 2613 602 2671 elysii
633 2614 826 2669 quietem
839 2619 867 2658 ¹.

238 2777 269 2820 1)
295 2775 436 2812 Mirum
459 2787 618 2822 quoque,
647 2775 748 2823 quod
771 2776 969 2824 Babylonii
991 2782 1152 2821 narrant,
1182 2777 1364 2814 diluvium
1396 2789 1460 2814 sex
1491 2780 1635 2817 dierum
1666 2788 1703 2818 et

143 2838 282 2881 septem
305 2833 468 2870 noctium
491 2833 619 2878 fuisse,
649 2833 803 2881 septimo
830 2833 889 2870 die
905 2834 1060 2871 rediisse
1077 2835 1312 2872 serenitatem
1327 2842 1363 2871 et
1377 2837 1701 2883 tranquillitatem.

213 2902 321 2936 Lotz.
342 2902 472 2930 historia.
491 2902 615 2931 sabbati.
1404 2908 1424 2939 5
