1904 3216
774 200 1058 240 -13-

137 315 291 365 strare,
322 310 515 354 Graecos
546 318 590 354 et
610 313 833 356 Romanos
861 315 1140 358 sabbatorum
1170 315 1312 359 simile
1343 316 1450 372 quid
1469 316 1689 360 habuisse.

137 382 264 428 Quae
304 382 523 426 sententia
554 384 650 441 jam
690 400 739 428 eo
779 385 1007 439 refellitur,
1053 388 1170 443 quod
1206 387 1437 445 scriptores
1475 390 1691 432 Romani¹

137 454 318 498 sabbata
346 461 399 499 ut
416 456 687 501 ‚Iudaeorum
717 458 889 515 propria
909 458 1118 503 illudunt.
1172 461 1335 504 Versus
1357 468 1506 505 autem
1525 463 1694 505 Home-

230 640 260 683 1)
285 639 416 676 ovid.
447 652 507 677 ars
531 653 599 677 am.
623 642 643 677 Ι
667 643 870 679 413—4162

409 703 467 740 Tu
489 703 578 741 licet
601 705 768 754 incipias,
798 719 870 754 qua
894 706 1032 744 flebilis
1056 707 1160 744 Allia
1182 707 1265 745 luce

481 762 709 800 Vulneribus
731 764 851 801 Latiis
876 765 1161 812 sanguinolenta
1183 766 1269 810 fuit,

414 820 571 869 Quaque
597 821 658 859 die
680 822 837 859 redeunt
860 824 972 860 rebus
994 823 1119 860 minus
1143 828 1230 871 apta
1254 825 1426 871 gerendis

480 877 591 916 Culta
613 879 826 917 Palaestino
851 881 1007 928 septima
1030 882 1124 919 festa
1149 881 1251 929 Syro.

226 947 387 995 Ejusd.
415 959 503 985 rem.
528 961 597 985 am.
622 951 823 987 217—220:

410 1011 483 1048 Sed
507 1018 645 1060 quanto
670 1014 792 1051 minus
815 1015 869 1051 ire
892 1014 1009 1058 voles,
1036 1015 1154 1063 magis
1179 1015 1232 1052 ire
1249 1021 1441 1053 memento.

479 1071 606 1107 Perfer
630 1076 667 1108 et
690 1072 827 1109 invitos
851 1085 995 1110 currere
1019 1085 1108 1121 coge
1132 1074 1255 1121 pedes.

411 1127 490 1165 Nec
514 1129 661 1176 pluvias
685 1135 785 1178 opta,
814 1143 881 1168 nec
903 1136 941 1168 te
965 1132 1160 1179 peregrina
1183 1136 1371 1169 morentur

479 1186 638 1224 Sabbata
661 1200 729 1224 nec
753 1189 896 1226 damnis
919 1189 1021 1226 Allia
1045 1195 1133 1227 nota
1156 1190 1245 1227 suis.

226 1255 351 1292 Pers.
380 1260 448 1293 sat.
473 1256 505 1292 V
524 1258 609 1293 184:

409 1321 529 1357 Labra
553 1333 677 1358 moves
700 1322 849 1366 tacitus,
878 1323 1110 1372 recutitaque
1135 1324 1288 1361 sabbata
1313 1323 1442 1372 palles.

225 1387 439 1426 Juvenal.
466 1395 534 1426 sat.
561 1390 652 1427 XIV
678 1393 721 1426 96
738 1402 841 1438 sqq.:

411 1453 574 1493 Quidam
597 1454 721 1492 sortiti
745 1460 970 1492 metuentem
994 1457 1146 1493 sabbata
1169 1461 1311 1504 patrem

407 1511 475 1548 Nil
497 1517 643 1559 praeter
666 1513 783 1549 nubes
808 1518 845 1549 et
869 1512 963 1550 coeli
988 1526 1123 1550 numen
1146 1515 1302 1551 adorant

408 1569 489 1606 Nec
514 1569 652 1607 distare
675 1575 811 1618 putant
834 1571 994 1608 humana
1018 1583 1125 1609 carne
1152 1571 1311 1617 suillam,

408 1627 512 1668 Quae
536 1633 642 1676 pater
665 1628 866 1674 abstinuit;
895 1641 981 1666 mox
1005 1635 1042 1666 et
1066 1630 1259 1678 praeputia
1283 1635 1437 1678 ponunt.

407 1685 594 1722 Romanas
619 1691 743 1722 autem
766 1686 868 1724 soliti
893 1692 1124 1724 contemnere
1147 1687 1249 1735 leges

406 1742 602 1780 Iudaicum
625 1744 796 1781 ediscunt
820 1750 856 1781 et
880 1750 1028 1782 servant
1051 1758 1093 1783 ac
1116 1751 1288 1783 metuunt
1307 1747 1384 1795 jus,

413 1799 584 1838 Tradidit
608 1813 739 1839 arcano
765 1803 1011 1851 quodcunque
1035 1803 1218 1840 volumini
1240 1806 1377 1841 Moses.

407 1859 494 1896 Non
517 1864 720 1896 monstrare
744 1860 824 1898 vias
848 1861 975 1897 eadem
1000 1861 1075 1899 nisi
1100 1872 1202 1898 sacra
1226 1861 1376 1905 colenti,

409 1917 629 1957 Quaesitum
653 1918 701 1954 ad
724 1918 866 1955 fontem
891 1919 989 1956 solos
1015 1919 1195 1956 deducere
1218 1932 1361 1968 verpos.

409 1974 480 2011 Sed
504 1980 608 2022 pater
630 1976 670 2012 in
694 1987 814 2021 causa,
844 1977 904 2013 cui
929 1977 1084 2025 septima
1109 1989 1275 2024 quaeque
1299 1978 1373 2014 fuit
1398 1978 1464 2014 lux

410 2033 560 2080 Ignavi,
588 2038 625 2070 et
648 2039 790 2082 partem
813 2034 912 2071 vitae
936 2048 1010 2071 non
1035 2035 1162 2082 attigit
1186 2035 1309 2072 ullam.

225 2100 284 2138 cf.
310 2101 363 2138 VI
390 2104 474 2138 159:
504 2102 712 2140 observant
736 2104 801 2141 ubi
825 2104 921 2141 festa
944 2116 1043 2141 mero
1068 2104 1161 2152 pede
1186 2105 1338 2141 sabbata
1360 2117 1477 2152 reges.

223 2170 367 2209 Tacit.
403 2171 490 2208 hist.
511 2172 544 2208 V
560 2175 599 2208 4:
629 2171 791 2219 Septimo
817 2173 877 2210 die
901 2174 1016 2210 otium
1042 2173 1224 2221 placuisse
1248 2175 1383 2219 ferunt,
1413 2174 1501 2223 quia
1526 2175 1559 2211 is
1584 2176 1692 2212 finem

314 2228 482 2266 laborum
497 2229 639 2267 tulerit.
682 2231 779 2267 Dein
795 2230 1009 2269 blandiente
1025 2231 1159 2268 inertia
1182 2232 1379 2279 septimum
1395 2244 1542 2280 quoque
1558 2246 1692 2270 annum

315 2287 486 2334 ignaviae
511 2288 648 2324 datum.
1063 2284 1071 2292 ⁸

222 2355 373 2393 Rutil.
401 2356 446 2393 de
470 2357 593 2394 reditu
618 2370 696 2402 suo,
724 2359 743 2394 Ι
769 2361 834 2394 387
854 2371 955 2407 sqq.:

405 2421 612 2459 Reddimus
637 2424 836 2460 obscaenae
861 2423 1029 2461 convicia
1053 2423 1181 2461 debita
1202 2423 1316 2470 genti,

475 2479 580 2520 Quae
602 2480 764 2527 genitale
788 2485 899 2528 caput
922 2482 1146 2529 propudiosa
1169 2482 1294 2517 metit:

405 2537 531 2574 Radix
555 2538 754 2575 stultitiae:
784 2539 844 2574 cui
867 2538 1005 2587 frigida
1029 2540 1181 2577 sabbata
1205 2539 1318 2583 cordi,

476 2595 548 2632 Sed
573 2608 634 2632 cor
658 2596 836 2643 frigidius
859 2595 1054 2645 relligione
1079 2609 1156 2634 sua.

405 2652 567 2701 Septima
591 2666 759 2702 quaeque
785 2653 864 2691 dies
887 2656 990 2703 turpi
1014 2656 1184 2692 damnata
1207 2659 1368 2699 veterno,

475 2712 676 2759 Tamquam
698 2711 829 2749 lassati
852 2712 976 2750 mollis
999 2713 1119 2760 imago
1146 2713 1218 2749 dei.

406 2768 536 2806 Cetera
558 2770 746 2807 mendacis
771 2769 1012 2808 deliramenta
1035 2776 1194 2820 catastae

472 2828 551 2864 Nee
575 2839 708 2876 pueros
733 2840 858 2865 omnes
882 2828 1029 2866 credere
1053 2840 1161 2877 posse
1183 2840 1276 2866 reor.
