1904 3216
747 186 1034 226 ...19-

110 301 309 359 logorum
338 315 424 343 usu
452 299 738 342 hebdomadis
768 299 947 342 adducti
986 299 1171 355 septimo
1209 311 1380 353 quoque
1418 295 1489 338 die
1527 295 1668 337 salva-

110 373 218 417 toris
256 387 312 415 ex
348 372 531 414 mortuis
572 371 818 415 resuscitati
857 371 1113 414 memoriam
1153 370 1408 422 coluerunt,
1451 369 1527 410 sed
1567 367 1669 422 quia

107 443 394 489 hebdomadis
424 459 555 486 usum
585 446 639 487 ab
660 444 876 486 Hebraeis
898 450 1174 500 acceperunt.
1227 442 1384 484 Nostra
1404 439 1542 496 igitur
1560 439 1670 482 heb-

112 519 261 561 domas
291 516 416 572 quasi
446 516 609 559 coaluit
640 531 694 559 ex
722 515 927 558 hebraica
958 523 1001 558 et
1031 514 1305 571 astrologica.

226 590 357 632 Forte
386 588 505 631 idem
527 589 632 643 dies,
669 588 745 644 qui
766 588 884 645 apud
904 589 1095 630 Judaeos
1117 588 1360 640 sabbatum,
1395 586 1512 642 apud
1534 592 1673 628 astro-

112 662 234 719 logos
264 661 358 704 dies
391 662 569 704 Saturni
599 661 699 715 fuit,
734 661 851 703 unde
883 660 977 703 dies
1009 659 1187 703 Saturni
1225 666 1269 702 et
1298 661 1528 701 sabbatum
1560 659 1673 713 (sab-

113 734 229 791 bata)
263 734 382 790 apud
412 733 641 790 scriptores
662 736 884 777 Romanos
915 733 1033 775 idem
1063 732 1213 774 valent
1234 738 1277 774 et
1296 731 1492 773 Rabbini
1521 730 1674 787 plane-

113 813 204 849 tam
246 806 425 849 Saturni
465 802 583 869 '’r-³2¹2}
625 807 669 849 h.
705 822 742 850 e.
789 839 810 859 „
823 806 1020 862 (stellam)
1060 804 1355 848 sabbaticam“
1395 811 1670 859 nuncupant.

114 879 244 922 Forte
275 878 387 921 illud
418 878 654 935 contigisse
685 879 800 932 dixi,
838 879 955 935 quod
986 877 1192 933 astrologi
1233 876 1362 929 diem,
1400 890 1486 931 quo
1516 875 1675 918 Judaei

114 952 295 995 sabbata
325 953 526 1008 agebant,
563 967 655 994 non
685 953 740 994 ob
772 966 867 994 eam
898 951 1039 1007 ipsam
1068 964 1161 992 rem
1183 949 1371 992 Saturno
1393 948 1560 991 dicasse
1582 963 1675 990 cre-

115 1023 311 1066 dendum
341 1030 419 1066 est.
473 1024 588 1066 Nam
618 1023 798 1067 ‚Iudaeis
829 1025 1061 1067 sabbatum
1090 1022 1289 1076 ultimus,
1324 1020 1552 1077 astrologis
1584 1020 1676 1062 dies

116 1096 295 1139 Saturni
324 1102 402 1139 aut
431 1096 599 1152 primus
630 1103 707 1139 aut
736 1103 884 1139 sextus
912 1095 1198 1138 hebdomadis
1230 1094 1323 1137 dies
1354 1101 1458 1146 erat,
1497 1100 1540 1135 et
1571 1093 1677 1148 quid

115 1168 344 1225 astrologis
374 1184 476 1212 cum
505 1170 774 1212 Judaeorum
804 1167 1025 1211 sabbatis?
1085 1168 1234 1212 Quum
1274 1172 1421 1208 autem
1464 1166 1676 1208 Saturnus

117 1255 324 1298 regnasse
355 1241 574 1284 diceretur
604 1246 745 1284 aetate
776 1256 928 1294 aurea,
965 1255 1050 1295 qua
1079 1254 1224 1294 neque
1255 1239 1512 1282 servitutem
1541 1238 1678 1281 fuisse

116 1328 260 1369 neque
289 1313 489 1356 laborum
518 1313 762 1356 molestiam
792 1313 992 1356 homines
1021 1311 1230 1368 pressisse
1259 1318 1412 1367 poetae
1444 1314 1674 1365 canebant,

116 1385 245 1428 facile
276 1385 374 1441 quis
405 1386 577 1442 opinari
605 1385 773 1442 potuit,
818 1387 1068 1438 Hebraeos,
1113 1384 1275 1440 quippe
1292 1383 1383 1442 vqui
1413 1385 1567 1427 diebus
1600 1386 1679 1427 Sa-

116 1458 238 1501 turni
269 1472 363 1501 sese
392 1457 482 1500 otio
514 1457 787 1501 committere
818 1464 862 1500 et
890 1457 1026 1500 servis
1058 1464 1102 1500 et
1130 1456 1278 1513 pecori
1319 1456 1574 1511 quiescendi
1613 1458 1679 1500 fa-

104 1520 328 1574 cultatem
357 1531 460 1573 dare
490 1530 555 1573 fas
583 1537 804 1587 putarent,
839 1530 920 1572 hos
951 1529 1044 1572 dies
1075 1530 1130 1571 ab
1161 1528 1267 1585 ipsis
1297 1531 1476 1572 sabbata
1507 1545 1681 1572 nuncu-

117 1610 241 1660 patos
271 1603 435 1660 agitare
466 1603 707 1646 Saturnum
738 1611 1010 1647 venerantes.
1072 1602 1172 1646 Qua
1203 1602 1256 1644 de
1287 1618 1418 1646 causa
1448 1602 1679 1645 Tacitus

117 1675 214 1718 loco
247 1690 377 1732 supra
404 1677 515 1732 (pag.
546 1677 608 1732 13)
636 1676 768 1718 allato
787 1677 954 1733 pergit:
992 1677 1110 1730 „Alii
1137 1677 1348 1719 honorem
1369 1690 1471 1718 eum
1492 1676 1680 1718 Saturno

118 1747 292 1790 haberi:
327 1762 407 1791 seu
434 1748 652 1804 principia
681 1748 908 1805 religionis
938 1749 1215 1792 tradentibus
1245 1749 1402 1803 Idaeis,
1441 1763 1547 1803 quos
1580 1763 1681 1790 cum

122 1819 311 1862 Saturno
339 1820 488 1876 pulsos
519 1827 563 1862 et
593 1821 840 1863 conditores
881 1823 1026 1877 gentis
1066 1823 1338 1878 accepimus3
1386 1836 1464 1863 seu
1505 1821 1620 1875 quod
1657 1835 1682 1862 e

120 1899 289 1948 septem
309 1891 539 1946 sideribus,
571 1893 668 1948 quis
687 1893 891 1936 mortales
911 1909 978 1936 res
1010 1900 1238 1950 reguntur,
1263 1894 1472 1936 altissimo
1504 1895 1607 1935 orbe
1639 1899 1682 1935 et

119 1964 355 2020 praecipua
383 1964 580 2020 potentia
611 1965 738 2008 stella
769 1966 949 2008 Saturni
978 1966 1163 2009 feratur:
1210 1982 1260 2009 ac
1298 1967 1505 2024 pleraque
1541 1966 1681 2008 caele-

121 2035 256 2079 stium
285 2035 376 2078 vim
405 2050 530 2080 suam
561 2045 605 2080 et
635 2053 811 2081 cursum
841 2039 1049 2095 septimos
1085 2053 1163 2094 per
1191 2054 1397 2082 numeros
1429 2039 1677 2082 conficiant.
1702 2030 1704 2032 V

120 2108 187 2150 Hi
215 2108 326 2151 ritus
367 2123 540 2164 quoquo
570 2110 701 2153 modo
731 2111 903 2154 inducti
941 2111 1204 2166 antiquitate
1245 2112 1593 2163 defenduntur“;
1639 2117 1683 2152 et

121 2179 228 2223 Dio
260 2181 495 2224 Cassius
526 2182 757 2224 XXXVII
782 2188 828 2224 17
863 2183 996 2226 dicit:
1041 2180 1143 2236 ,,ὃ’τε
1180 2217 1321 2227 .....
1357 2184 1433 2227 καὶ
1463 2181 1544 2241 τὴν
1573 2179 1682 2241 ἡμέ-

123 2267 210 2309 ραν
238 2250 320 2312 τὴν
348 2257 430 2297 τοῦ
459 2251 641 2311 Κρόνου
670 2255 952 2314 καλουμένην
982 2252 1213 2301 ἀνέθεσαν
1237 2289 1413 2300 ......
1423 2260 1444 2280 “

236 2326 383 2381 Atque
412 2340 533 2368 nunc
572 2341 744 2382 quoque
784 2335 909 2382 sunt,
956 2329 1032 2384 qui
1062 2329 1341 2382 contendant,
1378 2330 1682 2371 Hebraeorum

121 2398 301 2440 sabbata
328 2396 545 2454 principio
577 2399 755 2441 Saturni
786 2400 920 2443 fuisse
950 2401 1044 2443 dies
1074 2401 1206 2444 festos
1222 2404 1251 2444 ¹.
1316 2401 1403 2444 Sed
1438 2401 1546 2443 haec
1581 2415 1682 2442 sen-

122 2468 283 2523 tentia,
329 2470 527 2525 quamvis
564 2470 792 2527 ingeniose
830 2487 924 2515 eam
966 2474 1157 2516 maxime
1196 2475 1247 2516 F.
1281 2476 1428 2515 Baur
1465 2473 1683 2515 studuerit

122 2542 316 2597 probare,
353 2542 612 2599 diligentius
644 2544 891 2588 examinata
921 2546 1061 2588 omnis
1100 2546 1498 2589 verisimilitudinis
1529 2560 1683 2601 expers

219 2673 248 2717 1)
277 2685 313 2709 v.
333 2673 530 2718 Bohlen,
567 2677 632 2712 das
657 2677 727 2712 alte
754 2677 885 2712 Indien
915 2679 1043 2723 (1830),
1072 2679 1110 2714 ΙΙ
1135 2680 1330 2715 244-252.
1382 2678 1511 2713 Ferd.
1537 2679 1678 2721 Baur,

124 2729 189 2766 der
227 2731 323 2768 hebr.
360 2732 495 2768 Sabbat
525 2747 559 2769 u.
595 2735 651 2770 die
682 2736 954 2782 Nationalfeste
987 2736 1048 2772 des
1079 2738 1299 2773 mosaischen
1337 2735 1481 2779 Cultus,
1517 2735 1555 2771 in
1592 2736 1678 2771 Tim.

124 2788 387 2835 Zea'tschr.s2·1r
415 2791 595 2840 Theoloqie
623 2793 722 2835 1832,
751 2792 1020 2828 111125—192.
1068 2794 1238 2837 Vatke,
1274 2795 1331 2830 die
1355 2794 1437 2828 bibl.
1469 2794 1588 2829 Theol.
1622 2795 1683 2829 des

124 2848 172 2881 A.
195 2846 233 2881 Τ.
262 2848 392 2891 (1835),
419 2848 439 2883 Ι
466 2850 531 2882 198
549 2860 628 2895 sqq.
683 2851 907 2893 (Kfienen,
941 2852 1072 2887 Godsd.
1097 2864 1168 2887 van
1196 2853 1278 2893 Isr„
1307 2852 1325 2887 Ι
1351 2855 1418 2888 260
1437 2863 1491 2898 sq.
1520 2854 1613 2895 282).

1361 2922 1404 2956 2*
