1904 3216
837 212 1151 252 —106—

340 319 376 374 7)
412 321 665 363 Hebdomas
696 322 953 377 astrologica
983 338 1007 365 a
1030 324 1281 380 Babyloniis
1301 325 1479 370 inventa
1499 335 1575 380 est,
1615 344 1768 384 quam-

219 406 349 446 quam
383 391 430 433 in
463 391 598 434 literis
631 392 825 435 cuneatis
856 393 999 436 adhuc
1028 395 1144 437 notis
1175 396 1212 438 is
1243 397 1345 439 ordo
1370 397 1654 453 planetarum
1691 402 1766 456 qui

220 462 267 504 in
297 463 570 505 hebdomade
601 463 856 519 astrologica
886 464 1045 520 inest(
1036 465 1096 522 (ζ
1127 468 1180 522 ὅ
1213 466 1248 523 ζξ
1291 466 1339 523 Ξ).
1381 468 1420 523 ῼ
1462 469 1507 526 ᾖ
1533 471 1622 527 Θ),
1656 486 1766 514 non

217 533 449 589 reperitur.
483 556 540 564 —
572 538 756 575 24—-35,

337 612 373 665 8)
418 611 670 653 Hebdomas
711 612 963 668 astrologica
1003 614 1119 669 apud
1161 615 1423 671 Babylonios
1466 631 1555 659 non
1594 618 1679 662 fuit
1718 619 1766 661 in

218 681 419 737 publico,
445 682 521 723 sed
550 682 598 723 in
628 683 939 739 astrologorum
969 691 1141 727 tantum
1171 701 1268 728 usu
1302 711 1358 717 -—-
1390 692 1458 730 35.
1486 692 1552 729 36.

335 759 373 814 9)
410 758 510 801 Alia
539 759 771 815 Babylonii
800 760 1092 815 hebdomade,
1138 777 1191 804 ex
1228 777 1376 806 mense
1415 763 1559 806 lunari
1590 765 1767 820 quadri-

217 829 377 885 partito
410 837 518 883 orta,
553 830 684 886 vulgo
714 833 964 875 utebantur.
997 859 1054 864 —
1087 839 1269 875 37-60.

339 909 418 963 10)
464 908 652 959 Sabbata
701 908 756 950 iis
806 909 984 951 fuerunt
1032 911 1264 966 septimus⁷
1329 919 1504 966 quartus
1555 913 1760 966 decimus,

217 978 627 1032 unusetvicesimus‚
664 979 1050 1023 duodetricesimus
1081 982 1426 1038 uniuscujusque
1455 983 1619 1027 mensis
1655 984 1760 1027 dies.

215 1074 274 1080 —-
306 1055 488 1092 37—59.

339 1128 401 1181 11)
440 1126 629 1169 Sabbata
658 1115 752 1169 non·
778 1135 899 1170 erant
930 1128 1022 1170 dies
1053 1129 1136 1171 atri
1175 1130 1251 1172 sed
1289 1130 1366 1173 otii
1405 1145 1550 1174 severe
1591 1123 1766 1187 quidem

216 1198 432 1254 imperati,
468 1212 619 1240 verum
650 1199 830 1242 minime
862 1199 1011 1242 tristis.
1045 1226 1102 1231 —
1135 1206 1316 1244 56—58.

337 1276 400 1330 12)
444 1276 545 1317 Non
582 1276 637 1317 ad
675 1277 827 1320 Lunae
859 1277 1031 1320 ¹cultum
1071 1280 1251 1322 sabbata
1288 1279 1504 1335 principio
1544 1281 1767 1336 pertinue-

215 1354 334 1389 runt.
371 1372 428 1377 —
460 1351 528 1389 61.
557 1351 624 1388 62.

338 1426 399 1479 13)
446 1425 560 1467 Sunt
596 1424 775 1467 fortasse
817 1440 870 1468 ex
907 1441 956 1469 eo
997 1433 1112 1479 orta,
1163 1427 1277 1482 quod
1326 1443 1532 1472 numerus
1571 1431 1765 1474 senarius

217 1496 471 1552 Babyloniis
501 1511 708 1538 numerus
739 1496 992 1553 principalis
1015 1498 1294 1552 (Grundzahl)
1325 1513 1626 1544 mensurarum
1656 1511 1760 1556 erat,

217 1582 348 1622 quare
382 1582 537 1610 senum
568 1566 737 1609 dierum
767 1567 925 1610 laboris
958 1569 1078 1622 quasi
1115 1569 1270 1625 plenus
1308 1570 1537 1614 videbatur
1573 1587 1665 1615 esse
1701 1573 1766 1616 la-

214 1639 330 1681 boris
378 1639 557 1690 modus,
617 1653 745 1692 quem
791 1640 995 1694 subsequi
1049 1641 1164 1683 diem
1218 1639 1375 1695 quietis
1425 1652 1764 1688 consentaneum

215 1717 343 1752 esset.
377 1735 435 1740 —
467 1714 649 1751 62—65.

340 1788 401 1842 14)
439 1785 661 1828 Israelitae
693 1788 870 1830 sabbata
899 1803 924 1829 a
944 1789 1199 1844 Babyloniis
1230 1800 1504 1847 acceperunt,
1539 1794 1684 1836 Moses
1715 1808 1763 1836 ea

215 1857 417 1914 religioni
467 1859 494 1899 J
497 1857 657 1900 ehovae
714 1860 1034 1902 accommodata
1083 1876 1195 1903 nova
1249 1862 1345 1919 lege
1395 1865 1665 1907 confirmavit
1714 1879 1763 1907 ac

215 1929 376 1972 sanxit.
399 1954 453 1960 --
479 1933 662 1970 66—68.

338 2007 399 2061 15)
437 2006 548 2048 Inde
567 2020 592 2047 a
611 2005 746 2048 Mosis
768 2014 960 2063 tempore
980 2008 1186 2051 Israelitis
1218 2010 1428 2065 septimus
1457 2011 1640 2067 quisque
1670 2011 1762 2054 (lies

214 2078 445 2120 sabbatum
475 2077 574 2119 fuit.
607 2101 666 2107 —
699 2083 880 2120 71—74.

337 2155 400 2209 16)
445 2155 511 2196 Ex
549 2154 812 2210 propheticis
852 2162 894 2197 et
930 2155 1147 2199 historicis
1185 2157 1306 2200 libris
1345 2167 1541 2215 apparet⁷
1584 2161 1762 2204 sabbata

215 2226 319 2268 inde
349 2227 403 2267 ab
423 2226 575 2267 Amosi
605 2233 744 2268 aetate
774 2226 923 2269 habita
954 2241 1046 2270 esse
1077 2228 1183 2282 dies,
1220 2229 1378 2284 quibus
1405 2231 1580 2287 negotia
1600 2231 1762 2287 majora

216 2296 537 2352 qualiacunque
567 2311 694 2352 agere
724 2298 846 2339 nefas
877 2305 1004 2351 esset,
1048 2306 1091 2341 et
1120 2300 1272 2342 Amosi
1308 2308 1446 2344 aetate
1485 2316 1575 2344 non
1611 2303 1763 2359 negle-

216 2367 391 2424 gentius
425 2369 501 2409 sed
531 2368 787 2424 diligentius
824 2383 953 2423 quam
983 2370 1025 2411 N
1028 2370 1222 2413 ehemiae
1260 2378 1451 2428 tempore
1487 2374 1762 2430 negotiorum

215 2439 537 2481 intermissione
568 2439 783 2483 celebrata
813 2455 919 2483 esse.
954 2467 1012 2472 —
1045 2447 1226 2485 75—-81,

337 2523 398 2577 17)
450 2522 613 2564 Omnes
664 2523 891 2579 scriptores
935 2525 1259 2580 pentateuchici
1303 2526 1485 2582 majores
1530 2527 1762 2583 cujuslibet

215 2593 387 2649 generis
417 2593 585 2636 labores
616 2595 792 2637 sabbato
823 2595 1056 2638 intermitti
1086 2596 1253 2639 volunt.
1289 2621 1340 2629 —
1374 2602 1443 2640 81.
1469 2603 1538 2641 82.

338 2678 398 2731 18)
436 2676 559 2718 Libri
591 2676 806 2720 elohistici
837 2679 937 2732 (PC)
982 2678 1100 2734 leges
1139 2679 1361 2734 aliquanto
1402 2681 1591 2724 severius
1632 2697 1759 2737 quam

215 2755 378 2790 ceteras
418 2747 557 2790 otium
598 2749 868 2791 sab'baticum
909 2749 1141 2805 imperare,
1188 2751 1314 2793 certis
1355 2753 1623 2807 argumentis
1669 2769 1758 2797 non

212 2825 355 2873 potest
383 2818 572 2873 probari.
606 2845 661 2850 —
694 2824 762 2862 83.
790 2824 858 2862 84.
