1904 3216
0 153 11 241 -wv,
0 109 9 148 ’ὟῙ
0 0 18 100 -v-rg-yw

745 188 1032 229 „91-

105 302 292 360 septimo
322 317 494 358 quoque
526 317 642 344 anno
673 302 767 358 agri
807 308 851 344 et
888 302 1062 343 arbores
1102 300 1354 356 gignerent,
1398 298 1665 354 pauperibus

105 381 151 418 et
178 373 330 418 bestiis
358 374 524 417 fructui
566 381 726 417 essent.
789 374 899 416 Eam
936 387 1038 415 vero
1077 372 1171 428 ejus
1213 370 1479 415 sententiam
1515 384 1667 426 reapse

101 447 240 490 -fuisne
271 446 390 489 credi
420 461 511 488 non
540 453 698 502 potest.
753 446 910 500 Neque
932 445 1051 487 enim
1072 444 1259 487 dubium
1279 451 1360 497 est,
1395 442 1502 498 quin
1523 457 1665 485 annus

104 517 367 571 sabbaticus,
405 517 546 572 qualis
576 517 624 559 in
654 518 808 560 Exodo
839 524 883 559 et
912 516 1108 559 Levitico
1140 515 1382 572 descriptus
1413 522 1495 568 est,
1538 514 1666 557 insti-

104 597 229 634 tutus
258 589 329 643 sit,
365 596 415 632 ut
445 589 711 645 agricultura
740 604 888 632 annua
919 589 1058 631 sexies
1097 588 1283 644 repetita
1320 588 1508 644 septimo
1548 602 1666 629 anno

103 661 481 715 intermitteretur,
526 661 641 704 sicut
671 662 856 718 septimo
894 661 966 703 die
1005 660 1288 716 quotidianus
1325 660 1464 703 labor.
1537 659 1667 704 Quod

105 749 224 778 anno
253 734 476 777 sabbatico
507 733 675 776 fructus
705 750 731 777 a
760 740 874 777 terra
902 733 1019 775 ultro
1038 740 1283 788 procreatos
1305 732 1455 788 colligi
1476 739 1661 783 vetatur,

103 806 301 850 instituti
329 807 575 849 sententiae
606 813 948 849 consentaneum
979 812 1062 857 est,
1099 805 1177 847 sed
1215 819 1306 847 non
1346 819 1443 846 eam
1481 805 1536 846 ob
1576 818 1667 846 rem

104 878 178 921 lex
214 885 281 921 est
319 879 464 921 data¹.
536 880 682 933 Atque
722 878 768 920 id
808 877 994 920 vetitum
1034 890 1151 930 esse,
1194 876 1358 918 idcirco
1396 875 1489 929 illo,
1538 890 1667 930 quem

103 950 464 1007 significavimus,
499 950 594 993 loco
615 956 1002 993 commemoratum
1022 955 1098 1001 est,
1136 948 1240 1003 quia
1259 948 1528 991 antecedunt
1549 962 1670 990 com—

102 1022 252 1080 plures
272 1022 392 1080 leges
413 1022 674 1065 miserorum
702 1029 744 1064 et
764 1035 1067 1078 oppressorum
1087 1020 1315 1063 commodo
1335 1019 1663 1076 prospicientes.

106 1095 237 1140 Quod
265 1094 336 1137 his
366 1109 509 1137 annus
540 1094 791 1137 sabbaticus
821 1093 1010 1135 maxime
1040 1092 1230 1148 prodest,
1266 1092 1343 1135 illo
1364 1091 1459 1148 ipso
1480 1092 1575 1135 loco
1595 1092 1668 1134 lex

105 1168 160 1210 de
191 1181 243 1210 eo
275 1174 472 1210 statuens
502 1166 646 1222 posita
677 1172 742 1208 est
771 1173 816 1208 et
846 1164 998 1208 addita
1027 1164 1100 1206 lex
1130 1164 1366 1218 sabbatica,
1403 1164 1506 1219 quia
1537 1164 1669 1206 etiam

106 1239 200 1282 dies
230 1238 401 1282 sabbati
430 1238 663 1294 praecipue
692 1236 959 1294 pauperibus
990 1236 1114 1279 utilis
1145 1243 1235 1279 est:
1278 1245 1410 1291 atque
1439 1236 1547 1279 haec
1578 1236 1669 1279 sola

106 1318 174 1354 est
201 1325 335 1354 causa
365 1325 443 1353 cur
473 1325 523 1352 ea
552 1310 625 1353 lex
652 1310 728 1352 hic
756 1316 1036 1352 memoretur.
1102 1308 1149 1354 Si
1180 1308 1400 1364 scriptoris
1437 1308 1669 1351 consilium

105 1383 276 1436 fuisset,
311 1397 404 1425 rem
432 1397 546 1424 nova
576 1382 675 1437 lege
704 1382 906 1425 ordinare
937 1389 982 1423 et
1011 1380 1106 1436 ejus
1135 1380 1351 1423 rationem
1381 1380 1669 1436 principalem

107 1468 348 1512 exponere,
395 1454 469 1496 lex
512 1454 738 1496 sabbatica
782 1454 871 1509 legi
917 1454 970 1495 de
1016 1467 1132 1495 anno
1183 1453 1406 1497 sabbatico
1457 1451 1669 1495 statuenti

103 1526 261 1569 fuisset
287 1526 610 1582 praeponenda.
675 1526 848 1571 Quibus
879 1526 934 1567 de
964 1524 1108 1567 causis
1138 1525 1392 1580 negandum
1423 1532 1502 1578 est,
1548 1524 1671 1566 illam

103 1598 185 1642 otii
214 1597 427 1641 sabbatici
455 1598 671 1640 rationem
706 1598 756 1640 in
784 1597 897 1639 libro
934 1596 1124 1639 foederis
1164 1597 1406 1653 expositam
1443 1622 1501 1628 —
1539 1611 1669 1651 quam

105 1670 360 1714 Noeldeke2
389 1676 517 1713 vocat
547 1669 642 1723 „die
672 1669 903 1727 eirffachste
923 1669 1014 1711 und
1031 1669 1142 1711 beste
1162 1669 1477 1725 Motivierun9“
1499 1694 1556 1700 -——
1577 1683 1670 1711 esse

104 1742 393 1799 principalem
422 1742 492 1784 vel
521 1742 784 1785 universam.

221 1814 371 1860 Quum
400 1821 549 1856 autem
580 1829 631 1856 ea
660 1814 764 1856 libri
794 1813 980 1856 foederis
1001 1813 1074 1855 lex
1096 1821 1260 1867 monet,
1294 1829 1350 1856 ne
1372 1813 1507 1856 servis
1528 1814 1671 1855 Israe-

103 1886 208 1930 litae
238 1885 432 1930 fructum
461 1885 542 1929 otii
571 1886 783 1930 sabbatici
811 1892 1039 1940 recusent,
1082 1885 1371 1942 significatur,
1406 1885 1547 1928 otium
1580 1899 1671 1927 non

105 1958 304 2002 officium
334 1957 478 2002 solum
508 1973 623 2011 esse,
668 1959 786 2013 quod
814 1957 1047 2014 impleant,
1082 1958 1159 2000 sed
1189 1958 1321 2000 etiam
1350 1959 1540 2011 bonum,
1584 1971 1670 2012 quo

104 2031 322 2086 fruantur.
384 2031 451 2072 Ac
478 2030 691 2073 nimirum
722 2031 849 2073 credo
880 2029 1106 2085 equidem,
1140 2037 1311 2087 praeter
1339 2029 1463 2072 illam
1493 2037 1673 2072 senten-

108 2101 216 2146 tiam
246 2116 539 2157 communem,
575 2117 712 2158 quum
743 2102 883 2145 otium
914 2102 1188 2145 sabbaticum
1218 2109 1395 2159 propter
1425 2101 1515 2144 diei
1545 2116 1672 2144 sanc-

107 2175 280 2218 titatem
301 2175 565 2218 servandum
587 2175 903 2228 existimarent,
938 2189 963 2216 a
984 2174 1207 2217 mentibus
1227 2174 1530 2217 Israelitarum
1549 2174 1672 2216 nulla

107 2254 250 2290 aetate
287 2246 479 2290 alienam
517 2247 657 2290 fuisse
698 2246 974 2304 opinionem,
1029 2247 1238 2302 requietis
1285 2262 1416 2290 causa
1459 2247 1672 2290 Jehovam

106 2319 383 2376 benignitate
412 2326 679 2362 commotum
699 2319 862 2375 populo
883 2334 963 2362 suo
983 2319 1207 2362 laboribus
1229 2320 1499 2375 quotidianis
1519 2319 1673 2364 multis

107 2398 152 2434 et
179 2390 376 2434 molestis
406 2390 599 2453 exercito
631 2392 810 2434 sabbata
841 2392 1024 2434 donasse
1034 2394 1065 2435 3.
1118 2391 1304 2434 Fructus
1334 2399 1482 2435 autem
1512 2392 1673 2447 quietis

107 2463 355 2507 sabbaticae
393 2463 566 2506 homini
605 2478 655 2523 eo
697 2463 884 2517 dulcior,
939 2479 1025 2519 quo
1074 2465 1215 2520 magis
1254 2463 1403 2506 labore
1443 2463 1667 2520 premitur,

110 2550 244 2591 quare
283 2535 492 2593 operariis
527 2536 795 2592 pauperibus
834 2536 976 2592 magis
1018 2531 1149 2591 quam
1197 2536 1434 2589 divitibus,
1484 2536 1674 2579 maxime

108 2621 210 2651 vero
248 2607 386 2651 servis
424 2608 650 2651 voluntate
698 2608 976 2651 dominorum
1024 2609 1137 2651 vires
1185 2616 1397 2665 perpetuo
1442 2608 1674 2652 intendere

205 2724 236 2766 l)
263 2721 322 2758 cf.
346 2721 611 2767 Dillmann,
640 2724 697 2759 die
720 2724 868 2759 Becher
893 2725 1045 2760 Eaeodus
1068 2737 1104 2760 u.
1132 2703 1321 2766 Leviticae,
1350 2735 1434 2771 pag.
1455 2725 1535 2759 604.

201 2781 235 2824 2)
273 2780 589 2829 Untersuclmnqen
612 2794 674 2816 zm·
698 2781 828 2817 Kritik
852 2783 911 2818 des
934 2783 1047 2818 Alcen
1077 2782 1308 2824 Testaments,
1336 2792 1419 2828 pag.
1437 2783 1494 2817 51³

135 2864 139 2868 -
202 2840 236 2882 3)
263 2837 321 2875 Of.
348 2837 461 2886 Jesaj.
483 2840 538 2882 58,
563 2841 625 2874 13:
654 2844 709 2881 „et
734 2839 926 2875 sabbatum
949 2851 1060 2876 vocas
1084 2839 1291 2876 delicias
1317 2840 1434 2894 (233³)‘ss
