1904 3216
803 184 1089 226 -99-

281 300 387 353 His,
440 314 549 354 quae
588 299 788 355 exposui,
837 298 941 342 :atis
983 299 1329 342 demonstratum
1366 313 1460 341 esse
1500 299 1718 352 existimo,

167 386 257 416 non
287 379 451 414 temere
481 386 577 414 eam
606 371 717 428 legis
747 371 996 414 sabbaticae
1027 371 1226 426 formam,
1261 386 1391 426 quam
1411 371 1645 427 decalogus
1677 371 1723 412 in

166 480 331 524 videtur,
369 479 413 516 G.
444 479 594 516 Smith
626 479 722 515 illud
755 479 973 517 vocabulum
1007 480 1188 527 assyrium
1219 480 1271 515 sic
1303 480 1579 527 interpretatur,
1618 480 1724 527 quasi

166 537 351 585 significet
378 537 426 574 ad
452 549 546 585 opus
574 538 794 574 antecedens
824 543 1011 585 spectans:
1052 539 1166 581 „bene
1202 537 1419 581 fecera(n)t“.
1483 538 1579 574 Nam
1611 549 1724 584 quum

166 595 298 642 quinta
332 593 560 637 tabularum,
602 595 738 642 quibus
773 595 936 631 narratio
966 595 1095 630 mundi
1121 580 1240 631 'creati
1273 595 1498 638 continetur,
1535 594 1724 632 stellarum

165 652 348 700 originem
372 652 578 689 describere
610 653 744 700 incipit
766 652 889 689 verbis
920 650 1077 688 ubaffffim
1102 654 1282 697 manza[zi
1304 651 1417 697 Jamh'
1439 654 1467 688 il
1491 654 1586 689 ilani
1606 654 1726 689 raba'ti

165 709 377 746 kakkabdni
406 737 523 747 .....
556 707 651 746 ua'ziz
681 711 796 753 „bene
835 709 926 746 fecit
965 710 1231 746 firmamentum
1252 715 1293 755 (⁸2)
1327 710 1420 747 coeli
1451 711 1543 747 deus
1574 711 1725 747 deorum

165 779 381 816 magnorum
403 767 449 810 (h.
470 779 501 803 e.
521 769 636 811 Anu),
664 767 792 804 stellas
807 795 816 804 .
835 795 843 804 .
862 794 870 803 .
889 795 897 803 .
922 767 1075 814 posuit‘·'‚
1105 774 1202 803 certe
1227 768 1317 804 haec
1341 781 1415 804 non
1440 768 1487 804 ad
1511 780 1604 816 opus
1621 774 1726 805 ante-

166 825 300 862 cedens
322 824 546 872 respiciunt,
575 825 750 871 quoniam
774 824 819 861 de
843 825 1085 868 „firmamento
1112 825 1224 861 coeli“
1248 831 1371 862 creato
1395 826 1464 861 hac
1488 826 1569 873 ipsa
1600 825 1726 862 tabula

166 883 297 932 quinta
321 882 445 929 agitur
472 883 530 926 (cf.
553 881 619 918 lin.
638 884 670 918 6.
689 884 738 925 8).
788 882 919 929 Itaque
944 882 1150 918 similitudo
1181 883 1433 919 narrationum
1465 883 1657 919 hebraicae
1690 890 1727 919 et

163 939 406 988 babylonicae
443 939 483 976 in
517 939 586 975 hac
621 951 661 976 re
696 939 816 976 minor
852 945 926 984 est,
963 951 1073 986 quam
1105 951 1211 987 saepe
1249 940 1398 976 dicitur.
1462 941 1622 977 Omnino
1658 941 1726 977 hae

165 997 429 1035 similitudines
453 1010 527 1034 non
550 1009 613 1033 eae
632 1003 727 1040 sunt,
756 1004 798 1032 ut
822 1008 994 1044 cogamur
1014 997 1196 1046 judicare,
1224 998 1473 1034 narrationem
1489 998 1727 1034 israeliticam

164 1056 410 1103 conscriptam
450 1066 528 1091 esse
568 1056 615 1092 ab
654 1055 820 1096 homine,
867 1055 931 1102 qui
967 1055 1224 1103 babylonicam
1259 1055 1425 1092 imitatus
1458 1056 1519 1092 sit'.
1585 1057 1726 1092 Narra-

165 1113 281 1150 tionis
312 1112 535 1149 israeliticae
566 1113 716 1160 propria
748 1119 835 1149 sunt
867 1113 1048 1160 imprimis
1080 1113 1189 1150 haec:
1227 1113 1449 1161 spiritum
1479 1114 1568 1150 Dei
1601 1114 1726 1150 voli—

164 1177 294 1208 tasse
326 1182 437 1218 supra
469 1182 644 1217 aquarum
676 1170 923 1217 superficiem,
969 1183 1080 1218 opera
1114 1171 1311 1207 creationis
1350 1171 1449 1207 facta
1481 1183 1561 1208 esse
1590 1173 1727 1220 jussu

164 1229 300 1266 verbi
325 1228 482 1265 divini
510 1232 631 1275 (quam
654 1240 731 1264 rem
754 1229 864 1265 etiam
889 1228 1115 1276 Babylonios
1138 1228 1337 1265 tradidisse
1360 1229 1532 1276 equidem
1555 1242 1602 1265 ex
1626 1230 1727 1277 frag-

165 1291 289 1324 mento
314 1285 349 1323 S.
368 1288 434 1322 747
459 1297 678 1333 cognoscere
702 1299 776 1322 non
802 1291 978 1333 possum),
1017 1292 1195 1334 septem
1226 1286 1393 1323 diebus
1425 1288 1554 1323 mundi
1578 1288 1728 1324 creandi

164 1357 257 1393 opus
274 1349 487 1382 contentum
503 1355 594 1387 esse,
614 1344 736 1379 Deum
761 1343 849 1386 diei,
871 1344 982 1388 nocti,
1004 1343 1106 1380 coelo
1124 1349 1191 1380 etc.
1217 1345 1402 1380 nomina
1425 1345 1722 1392 imposuisse,

166 1403 287 1439 Deum
309 1402 433 1450 ipsum
462 1413 573 1449 opera
596 1401 694 1437 facta
717 1401 838 1437 bona
863 1401 1147 1438 declarasse.
1176 1422 1221 1427 —
1244 1402 1358 1438 Juvat
1381 1414 1497 1449 pauca
1520 1403 1727 1439 adscribere

165 1460 211 1497 de
233 1459 444 1507 narratione
467 1457 687 1505 babylonica
712 1457 857 1495 diluvii.
900 1459 1002 1494 Haec
1026 1458 1217 1506 aliquanto
1244 1459 1401 1496 similior
1417 1466 1473 1496 est
1489 1460 1724 1505 israeliticae,

163 1529 273 1565 quam
296 1516 459 1553 narratio
482 1515 612 1551 mundi
635 1515 761 1551 creati.
804 1516 941 1552 Verum
965 1517 1162 1563 quominus
1185 1517 1280 1553 hanc
1304 1517 1552 1554 narrationem
1575 1517 1728 1565 babylo—

164 1576 284 1612 nicam
307 1574 450 1611 fontem
482 1572 705 1610 israeliticae
737 1578 911 1621 putemus
938 1574 1017 1621 jam
1049 1586 1092 1610 eo
1124 1574 1374 1622 prohibemur,
1410 1575 1511 1622 quod
1544 1575 1590 1611 ad
1623 1575 1727 1612 illius

163 1631 447 1670 similitudinem
469 1631 635 1679 proxime
659 1631 837 1667 accedunt
860 1631 1083 1668 narrationis
1106 1631 1299 1669 hebraicae
1323 1638 1448 1680 partes
1468 1632 1724 1680 jehovisticae,

164 1702 256 1738 quas
280 1689 432 1726 difficile
456 1694 514 1726 est
537 1689 710 1725 arbitrari
739 1689 896 1736 scriptas
920 1695 1040 1726 aetate
1064 1690 1280 1737 posteriore,
1309 1702 1420 1737 quam
1444 1702 1517 1737 qua
1534 1691 1728 1727 universus

162 1748 258 1786 liber
276 1747 526 1796 jehovisticus
550 1747 710 1794 scriptus
733 1752 805 1783 est:
836 1747 868 1783 is
891 1752 1014 1783 autem
1038 1747 1129 1793 quin
1153 1747 1271 1784 multo
1296 1754 1382 1784 ante
1407 1747 1580 1784 exsilium
1605 1749 1727 1796 Baby-

161 1806 326 1843 lonicum
364 1804 523 1852 scriptus
556 1803 684 1847 fuerit,
724 1817 800 1840 non
832 1810 889 1841 est
918 1805 1082 1842 dubium.
1138 1806 1195 1841 De
1228 1804 1373 1851 reliquo
1405 1805 1443 1841 in
1478 1806 1547 1841 hac
1580 1818 1727 1853 quoque

164 1863 374 1901 narratione
398 1873 532 1908 magna
555 1861 652 1897 inter
675 1860 933 1908 babylonicam
956 1862 1111 1898 formam
1135 1868 1173 1898 et
1196 1863 1405 1899 hebraicam
1430 1863 1644 1900 discrimina
1668 1864 1727 1900 in-

163 1921 385 1959 veniuntur:
413 1931 546 1956 nomen
562 1919 683 1955 Noae
705 1919 789 1964 (ζὴ),
819 1919 919 1967 quod
945 1931 1063 1966 neque
1087 1920 1127 1956 in
1152 1920 1362 1956 narratione
1386 1921 1607 1968 babylonica
1630 1921 1726 1969 legi-

163 1986 236 2024 tur,
264 1990 384 2026 neque
408 1989 542 2014 nomen
564 1975 827 2023 babylonicum
851 1977 891 2012 in
914 1977 1081 2024 linguam
1104 1978 1314 2015 hebraicam
1345 1989 1491 2014 versum
1525 1986 1590 2016 aut
1614 1992 1635 2015 a
1659 1979 1728 2015 Ju-

94 2078 97 2079 ⁷
164 2037 266 2074 daeis
289 2035 482 2072 exsulibus
506 2034 631 2070 fiotum
654 2045 733 2071 esse
758 2040 898 2082 potest:
927 2039 1068 2078 „arca“
1091 2047 1158 2082 pro
1174 2035 1293 2078 „navi“
1310 2035 1611 2083 Babyloniorum,
1633 2049 1727 2084 quae

164 2105 223 2131 res
246 2093 316 2130 hoc
341 2098 440 2128 certe
464 2091 581 2135 docet,
608 2092 863 2128 Hebraeorum
886 2093 1091 2140 peculiares
1116 2093 1232 2129 fuisse
1257 2093 1451 2140 opiniones
1478 2094 1522 2130 de
1547 2095 1729 2142 antiquis-

164 2151 269 2188 simis
292 2149 542 2197 temporibus:
578 2161 684 2186 aves
708 2150 844 2197 partim
877 2150 1090 2188 diversae
1122 2163 1143 2187 a
1167 2152 1251 2187 Noa
1275 2163 1321 2187 ex
1345 2163 1429 2188 arca
1453 2158 1564 2199 atque
1589 2166 1611 2189 a
1635 2152 1728 2189 Cha-

166 2208 308 2246 sisadra
332 2219 352 2244 e
376 2207 463 2244 navi
487 2207 652 2243 emissae.
702 2207 831 2244 Priora
856 2208 1041 2245 Geneseos
1065 2208 1187 2256 capita
1211 2214 1295 2255 post
1322 2209 1499 2245 exsilium
1528 2210 1728 2258 Babyloni-

165 2278 248 2303 cum
271 2271 336 2302 aut
358 2265 399 2301 in
424 2264 556 2301 exsilio
581 2264 717 2312 scripta
740 2277 831 2309 esse,
859 2271 1049 2313 praeterea
1073 2279 1147 2303 non
1170 2278 1215 2303 ex
1233 2279 1274 2302 eo
1291 2266 1475 2314 conjicere
1498 2267 1599 2311 licet,
1628 2269 1728 2316 quod

165 2335 225 2361 res
241 2321 320 2360 illic
335 2328 505 2359 narratae
523 2322 562 2358 in
578 2321 700 2358 literis
724 2323 908 2360 hebraicis
932 2330 1015 2360 ante
1041 2324 1261 2371 conscriptis
1284 2336 1464 2372 nusquam
1489 2331 1614 2373 aperte
1632 2338 1727 2362 com—

164 2386 422 2418 memorantur.
466 2381 563 2417 Nam
579 2392 693 2427 quum
708 2381 792 2417 Noa
808 2381 854 2416 ab
871 2381 1067 2418 Ezechiele
1092 2387 1133 2418 ut
1157 2382 1267 2418 homo
1293 2383 1429 2429 probus
1452 2388 1531 2419 tum
1549 2384 1726 2431 temporis

164 2438 378 2476 notissimus
394 2443 627 2482 memoretur,
656 2450 713 2474 res
731 2443 855 2485 gestas
872 2439 953 2486 ejus
977 2439 1125 2476 exsules
1150 2440 1295 2476 demum
1320 2440 1540 2488 comperisse
1565 2441 1727 2477 incredi-

163 2495 240 2534 bile
265 2502 323 2532 est
349 2496 460 2540 (unde
484 2501 648 2532 actutum
679 2496 883 2533 exstitisset
914 2508 1058 2533 nomen,
1071 2497 1171 2542 1359).
1222 2498 1348 2533 Etiam
1371 2498 1446 2535 Jes.
1466 2501 1522 2542 54,
1545 2501 1565 2533 9
1592 2498 1725 2535 diluvii

164 2555 219 2590 ita
241 2553 284 2590 fit
305 2553 456 2597 mentio,
485 2559 528 2590 ut
550 2566 624 2589 non
648 2553 832 2601 possimus
856 2566 931 2590 non
955 2555 1111 2598 credere,
1142 2562 1227 2592 ante
1252 2555 1422 2592 exsilium
1455 2555 1644 2593 Israelitas
1681 2557 1725 2593 de

167 2623 209 2648 eo
242 2610 381 2658 optime
412 2611 576 2648 scivisse.
641 2611 813 2648 Ceterum
842 2612 1072 2648 narrationes
1105 2612 1192 2649 illae
1226 2613 1337 2649 etiam
1365 2613 1405 2649 in
1437 2614 1610 2650 omnibus
1640 2615 1723 2651 Vet.

165 2668 391 2706 Testamenti
412 2668 522 2705 libris
544 2676 629 2716 post
652 2668 825 2705 exsilium
847 2669 994 2717 scriptis
1018 2682 1199 2718 nusquam
1223 2677 1482 2707 memorantur.
1524 2672 1623 2708 Mihi
1639 2684 1726 2709 vero

161 2727 242 2775 jam
265 2725 428 2774 psalmus
452 2726 583 2763 XXIX
608 2726 756 2763 videtur
779 2727 946 2774 probare,
975 2727 1074 2774 apud
1097 2728 1289 2765 Israelitas
1318 2734 1402 2765 ante
1427 2729 1601 2765 exsilium
1626 2729 1725 2766 dilu—

164 2784 217 2821 vii
247 2783 463 2821 memoriam
494 2783 622 2821 fuisse.
678 2785 729 2820 Et
763 2784 823 2820 cui
854 2782 993 2831 psalmo
1024 2791 1108 2832 post
1142 2785 1316 2822 exsilium
1347 2787 1556 2834 conscripto
1590 2787 1725 2823 certior

163 2842 261 2880 inest
285 2841 420 2890 capitis
446 2841 556 2889 primi
581 2842 766 2879 Geneseos
790 2842 965 2878 memoria
989 2854 1099 2889 quam
1123 2843 1265 2891 psalmo
1290 2844 1382 2880 VIII
1407 2844 1615 2882 Davidico‘?

1400 2915 1442 2948 7*
