1904 3216
882 183 1167 223 -92-

257 297 416 340 coactis
447 296 560 339 diem
591 295 750 351 quietis
780 309 806 336 a
830 296 924 337 Deo
954 295 1206 337 institutum
1235 295 1335 337 usui
1366 309 1456 338 esse
1485 310 1662 339 necesse
1691 296 1792 339 fuit.

255 368 513 412 Institutum
545 366 645 419 tale,
680 365 806 420 quale
835 367 1014 408 sabbata
1045 373 1170 419 sunt,
1214 381 1304 409 non
1337 374 1480 422 potest
1517 382 1608 410 non
1645 366 1795 411 multis

253 440 394 482 modis
425 439 480 480 ad
508 437 623 479 vitae
652 436 851 492 publicae
891 444 933 478 et
961 436 1153 492 privatae
1191 437 1525 481 consuetudines
1563 446 1607 481 et
1645 438 1797 482 condi-

256 512 398 553 tiones
439 509 678 564 pertinere,
723 516 768 550 et
807 507 1019 563 quidquid
1057 508 1243 550 salutare
1281 523 1331 551 eo
1369 509 1570 562 efficitur,
1613 509 1794 553 consilio

254 581 441 623 auctoris
472 579 588 622 effici
618 579 791 622 videtur
830 579 890 631 ei,
938 578 1012 634 qui
1051 594 1076 621 a
1109 580 1204 622 Deo
1245 580 1381 623 credit
1419 595 1510 623 rem
1549 580 1795 623 institutam

253 655 389 694 esse1.
453 651 524 693 Sic
552 652 617 702 fit,
660 657 711 692 ut
751 650 798 691 in
835 650 1005 707 legibus
1045 650 1273 693 sabbaticis
1311 651 1407 693 aliis
1444 651 1570 694 alius'
1591 650 1794 705 utilitatis

253 738 382 765 causa
411 724 639 764 sabbatum
667 721 918 764 institutum
939 736 1030 764 esse
1052 722 1231 775 dicatur,
1267 737 1410 777 neque
1437 722 1691 765 incredibile
1711 730 1790 774 est,

251 795 442 836 eundem
460 793 752 849 legislatorem
773 793 952 836 diversis
971 793 1077 836 locis
1099 793 1288 836 diversas
1310 793 1388 836 otii
1408 793 1620 837 sabbatici
1645 807 1794 836 causas

253 880 503 922 proponere.

366 943 678 985 Existimamus
724 941 861 997 igitur
901 942 1143 997 antiquitus
1191 949 1328 984 ortam
1373 957 1465 985 esse
1512 941 1788 995 sententiam,

252 1015 389 1058 otium
409 1014 681 1057 sabbatinum
701 1021 752 1055 ut
770 1013 1031 1056 beneficium
1051 1029 1077 1055 a
1096 1014 1191 1055 Deo
1222 1014 1371 1055 datum
1401 1028 1494 1056 esse
1523 1013 1789 1067 hominibus,

251 1087 439 1129 maxime
469 1085 601 1128 servis
632 1085 833 1141 gravibus
862 1084 1083 1127 laboribus
1112 1084 1291 1140 pressis,
1326 1092 1369 1127 et
1393 1084 1617 1140 jumentis,
1651 1099 1794 1140 neque

248 1165 398 1214 postea
428 1172 522 1199 eam
554 1171 608 1198 ex
627 1156 785 1198 animis
815 1156 1057 1198 effluxisse:
1092 1171 1182 1198 non
1213 1156 1428 1198 credimus
1457 1155 1650 1211 potuisse
1678 1155 1791 1210 fieri,

250 1238 300 1272 ut
329 1228 540 1272 Israelitis
571 1243 621 1270 ea
649 1229 926 1270 sabbatorum
955 1235 1157 1270 naturam
1185 1242 1236 1270 ac
1263 1227 1478 1270 rationem
1507 1241 1681 1270 omnem
1719 1241 1796 1270 ex-

247 1301 377 1356 primi
407 1300 640 1352 videretur,
675 1298 880 1353 quoniam
909 1300 1138 1341 sabbatum
1168 1298 1280 1341 diem
1302 1300 1330 1340 J
1341 1299 1547 1342 ehovae
1576 1313 1792 1342 sacrum

249 1374 303 1414 ab
332 1371 585 1414 hominibus
616 1377 807 1412 sancte
837 1370 1108 1425 agendum
1138 1370 1459 1413 existimabant.

363 1450 415 1491 In
449 1448 583 1490 altera
611 1455 732 1504 parte
752 1447 860 1503 legis
883 1448 1126 1490 sabbaticae
1157 1448 1413 1505 decalogi
1442 1447 1584 1491 Exodi
1609 1448 1694 1503 (20,
1723 1448 1787 1502 11)

249 1520 458 1575 septimus
473 1558 475 1560 ,
491 1520 674 1574 quisque
704 1519 797 1560 dies
828 1533 878 1561 ea
909 1519 962 1560 de
993 1533 1121 1561 causa
1150 1520 1239 1561 otio
1271 1519 1512 1562 destinatus
1550 1533 1642 1560 esse
1681 1517 1792 1560 dici-

249 1600 340 1645 tur,
385 1591 500 1646 quod
536 1591 657 1633 Deus
697 1590 861 1632 mundo
901 1604 977 1632 sex
1007 1590 1160 1633 diebus
1191 1597 1331 1633 creato
1363 1590 1547 1646 septimo
1577 1588 1792 1644 quieverit

248 1676 434 1717 eumque
466 1662 580 1704 diem
609 1676 779 1704 sacrum
808 1662 1085 1716 faustumque
1105 1661 1269 1704 fecerit.
1325 1661 1447 1703 Sicut
1466 1675 1573 1716 opus
1593 1659 1793 1702 divinum

343 1835 373 1876 1)
401 1832 585 1868 Credibile
610 1838 666 1868 est
689 1831 805 1868 fuisse
827 1830 1032 1874 Israelitas,
1061 1830 1126 1877 qui
1149 1830 1266 1866 otium
1290 1830 1516 1867 sabbaticum
1539 1842 1560 1866 a
1581 1830 1663 1867 Deo
1685 1841 1791 1877 prae-

249 1890 425 1936 scriptum
447 1889 623 1936 putarint,
651 1901 697 1925 ne
722 1889 884 1925 sabbatis
903 1888 1008 1924 labor
1024 1887 1212 1924 Israelitas
1229 1893 1397 1924 avocaret
1412 1888 1458 1924 ab
1475 1887 1657 1923 adorando
1673 1887 1793 1923 Deum

248 1953 284 1982 et
308 1946 563 1993 praedicando,
591 1957 650 1982 res
673 1947 719 1982 ab
743 1958 785 1981 eo
809 1951 930 1992 gestas
955 1944 1246 1992 contemplando,
1274 1945 1472 1992 prophetas
1493 1944 1695 1981 voluntatis
1711 1943 1792 1991 ejus

248 2004 466 2050 interpretes
489 2003 685 2039 audiendo.
732 2003 815 2038 Hoc
840 2002 969 2038 saltem
992 2008 1132 2038 certum
1154 2007 1221 2046 est,
1249 2002 1374 2047 fuisse,
1403 2002 1468 2049 qui
1499 2001 1576 2038 otio
1604 2001 1791 2038 sabbatioo

246 2073 320 2096 non
336 2059 467 2096 melius
490 2060 546 2095 uti
570 2071 677 2107 posse
701 2059 774 2095 sibi
796 2059 1017 2095 viderentur.
1059 2059 1168 2098 Quod
1190 2059 1321 2096 haecce
1347 2059 1452 2095 docet
1474 2058 1562 2095 libri
1584 2069 1712 2104 regum
1738 2057 1789 2102 (II

247 2121 279 2160 4,
303 2120 343 2153 18
361 2119 451 2164 sqq.)
479 2117 659 2153 narratio:

339 2174 463 2213 Quum
486 2173 643 2210 Elisae
667 2174 866 2220 prophetae
891 2173 1006 2209 amica
1031 2172 1096 2209 illa
1112 2173 1313 2216 Sunamita,
1339 2172 1426 2216 filio,
1455 2184 1564 2219 quem
1578 2171 1681 2208 Elisa
1704 2183 1791 2219 pro-

246 2232 404 2274 miserat,
432 2236 588 2273 mortuo,
621 2243 642 2266 a
672 2230 804 2266 marito
835 2241 977 2266 servum
1002 2235 1040 2265 et
1063 2230 1205 2267 asinum
1228 2229 1414 2278 petiisset,
1442 2234 1485 2264 ut
1507 2229 1553 2264 ad
1576 2228 1791 2276 prophetam

246 2288 548 2335 proficisceretur,
576 2288 609 2323 is
631 2287 784 2323 miratus
808 2287 1069 2334 interrogavit:
1098 2287 1206 2331 „Cur
1228 2287 1298 2323 vis
1320 2286 1373 2323 ad
1407 2298 1505 2322 eum
1533 2286 1619 2330 ire,
1656 2298 1791 2332 quum

247 2357 331 2381 nec
355 2357 501 2382 novae
525 2343 665 2380 lunae
691 2343 791 2379 dies
816 2344 881 2380 sit
904 2356 985 2380 nec
1010 2345 1293 2381 sabbatum‘l‘⁵
1337 2344 1440 2380 Haec
1463 2343 1624 2379 narratio
1648 2342 1792 2379 etiamsi

246 2415 319 2438 non
352 2402 401 2438 sit
434 2414 478 2437 ex
508 2400 713 2437 veterrimis
745 2400 789 2436 de
812 2400 918 2437 Elisa
949 2401 1114 2448 seriptis,
1149 2401 1313 2448 profecto
1345 2401 1434 2436 satis
1467 2404 1611 2437 vetusta
1640 2404 1711 2443 est,
1747 2404 1790 2435 ut

246 2470 368 2495 veram
392 2458 510 2505 possit
532 2458 707 2504 temporis
735 2457 838 2493 illius
863 2458 1058 2504 imaginem
1090 2459 1273 2495 exhibere.
1326 2457 1429 2493 Licet
1459 2457 1574 2503 igitur
1604 2454 1785 2499 arbitrari,

246 2516 312 2552 illa
336 2522 453 2551 aetate
476 2514 663 2551 Israelitas
688 2514 882 2561 religiosos
907 2515 1068 2552 sabbatis
1093 2521 1130 2551 et
1153 2515 1282 2551 diebus
1304 2526 1420 2551 novae
1443 2513 1553 2549 lunae
1577 2511 1676 2560 apud
1703 2523 1790 2559 pro-

248 2573 377 2619 phetas
401 2572 622 2614 convenisse,
652 2572 717 2618 qui
739 2572 851 2608 verba
866 2571 939 2607 Dei
963 2571 1034 2608 sibi
1057 2572 1320 2619 praedicarent.
1360 2571 1458 2608 Nam
1480 2569 1636 2618 simplex
1658 2574 1696 2606 et
1711 2569 1790 2606 sin·

245 2642 326 2665 cera
356 2630 551 2666 verborum
581 2628 835 2675 interpretatio
867 2628 1046 2672 ostendit,
1085 2629 1254 2665 maritum
1292 2627 1457 2664 mulieris
1487 2626 1589 2663 illius
1619 2626 1790 2662 miratum

245 2698 336 2730 esse,
365 2686 463 2732 quod
486 2686 598 2723 vellet
622 2685 722 2721 adire
746 2686 971 2732 prophetam,
1000 2697 1107 2731 quem
1131 2686 1260 2722 diebus
1283 2697 1398 2721 novae
1428 2684 1537 2720 lunae
1566 2688 1604 2720 et
1627 2682 1788 2719 sabbatis

244 2749 388 2779 tantum
409 2743 527 2781 visere
559 2742 710 2786 soleret,
747 2755 821 2778 non
851 2754 937 2778 vero
974 2742 1235 2784 (Wellhausen,
1266 2743 1389 2778 Gesch.
1418 2742 1502 2784 Isr„
1529 2741 1549 2776 I
1567 2742 1657 2783 117),
1691 2739 1789 2786 quod

246 2812 388 2836 servum
412 2806 449 2836 et
472 2800 614 2837 asinum
638 2806 813 2846 posceret,
842 2800 906 2846 qui
930 2812 1004 2835 non
1027 2805 1148 2836 essent
1171 2799 1244 2834 nisi
1267 2798 1371 2835 festis
1394 2797 1472 2834 illis
1497 2797 1625 2834 diebus
1648 2795 1763 2833 vacui.
