1904 3216
762 220 1050 261 -81-

126 328 352 373 Israelitae
381 344 472 372 non
502 338 710 373 verentur
750 346 904 375 emere.
970 333 1125 389 Neque
1164 333 1278 376 solos
1318 333 1570 391 peregrinos
1610 335 1685 378 ille

127 401 236 445 dicit
262 415 370 444 uvas
401 402 591 446 calcasse
629 411 673 446 et
710 404 958 460 manipulos
998 412 1207 460 portasse.
1275 407 1431 461 Itaque
1470 405 1686 449 Nehemia

126 472 347 516 Israelitas
377 474 529 531 magni
557 475 727 531 peceati
757 475 930 532 culpam
961 476 1009 518 in
1030 492 1076 520 se
1097 478 1327 521 admisisse
1342 477 1529 534 judicat7
1566 477 1683 534 ejus-

126 545 227 588 dem
255 545 435 602 peccati,
473 547 590 601 quod
620 547 826 590 interitus
856 549 981 604 regni
1012 549 1171 592 Judaei
1202 564 1331 593 causa
1361 549 1509 592 fuerit.

241 618 342 660 Jam
381 617 592 661 librorum
631 619 984 676 propheticorum
1030 627 1074 662 et
1118 621 1426 665 historicorum
1472 622 1589 664 locos
1630 621 1684 663 ad

125 695 320 732 nostram
341 690 642 745 quaestionem
660 691 929 747 pertinentes
950 707 1101 735 omnes
1122 694 1508 737 consideravimus.
1562 694 1685 739 Quo-

126 774 225 803 rum
253 760 378 804 nullo
406 764 615 818 probatur
643 763 793 820 opinio
831 779 997 826 eorum,
1042 765 1117 820 qui
1142 765 1359 821 judicant,
1405 767 1685 808 sabbatorum

126 833 495 876 observandorum
525 835 704 878 modum
733 842 830 892 post
869 835 1074 879 exsilium
1116 837 1338 880 diversum
1377 838 1514 880 fuisse
1554 844 1684 892 atque

123 912 227 947 ante
257 905 465 949 exsilium
485 921 673 963 eumque
694 907 1019 964 diligentiorem
1039 915 1169 963 atque
1191 910 1467 952 severiorem.
1522 910 1684 952 Contra

125 976 231 1019 inde
261 978 316 1019 ab
344 979 499 1022 Amosi
537 987 680 1022 aetate
718 994 858 1035 usque
897 981 953 1023 ad
983 980 1245 1023 Nehemiam
1286 983 1465 1025 sabbata
1505 989 1686 1038 apparet

123 1047 274 1091 habita
305 1063 398 1093 esse
428 1050 535 1104 dies,
571 1051 731 1107 quibus
760 1052 884 1094 nefas
914 1059 1027 1095 esset
1055 1053 1231 1109 negotia
1270 1068 1414 1110 agere⁷
1459 1062 1503 1096 et
1533 1053 1684 1095 Amosi

124 1127 266 1164 aetate
296 1136 387 1165 non
416 1123 725 1180 neglegentius
755 1125 961 1167 videntur
989 1125 1066 1167 sed
1097 1124 1355 1181 diligentius
1386 1141 1516 1182 quam
1536 1125 1687 1168 Nehe-

124 1192 239 1235 miae
269 1200 462 1251 tempore
492 1197 673 1238 sabbata
691 1197 969 1253 negotiorum
989 1196 1315 1240 intermissione
1336 1198 1552 1241 celebrata
1574 1212 1681 1240 esse.

126 1264 369 1309 Posteriore
410 1267 588 1310 demum
633 1275 851 1324 tempore,
902 1283 988 1324 quo
1035 1269 1154 1325 leges
1194 1269 1485 1313 Pentateuchi
1534 1285 1685 1313 omnes

125 1336 293 1379 dudum
323 1338 506 1395 scriptas
544 1339 680 1382 fuisse
709 1355 839 1383 nemo
869 1348 1023 1397 negat,
1064 1341 1224 1384 Judaei
1259 1334 1439 1385 sabbata
1479 1350 1569 1385 tam
1607 1357 1686 1384 an-

124 1407 196 1450 xie
240 1423 369 1466 agere
415 1419 673 1467 coeperunt,
732 1426 861 1467 quam
908 1412 1074 1455 Christi
1120 1420 1262 1456 aetate
1308 1422 1492 1470 egerunt
1538 1422 1582 1457 et
1630 1415 1685 1456 ad

123 1486 322 1522 nostrum
358 1496 498 1537 usque
535 1490 708 1539 tempus
746 1491 900 1539 agunt.
974 1485 1098 1530 Quae
1138 1500 1274 1540 quum
1309 1485 1376 1528 *ita
1415 1486 1526 1541 sint,
1571 1485 1687 1528 nihil

123 1557 187 1593 est
225 1566 302 1594 cur
328 1559 551 1609 putemus,
593 1562 692 1610 post
720 1555 878 1597 Mosen
910 1555 1102 1609 demum,
1136 1572 1227 1599 non
1257 1559 1312 1600 ab
1343 1557 1439 1613 ipso
1471 1558 1684 1600 constitu-

120 1629 217 1666 tum
256 1637 351 1667 esse
389 1626 560 1669 sabbati
599 1626 762 1683 agendi
809 1627 989 1670 modum
1029 1643 1080 1671 ae
1117 1629 1332 1672 rationem
1347 1663 1356 1681 ,
1411 1644 1524 1685 quae
1563 1629 1682 1686 leges

124 1695 416 1740 Pentateuchi
444 1698 762 1754 praescribunt.

235 1769 550 1812 Examinemus
612 1785 740 1826 porro
804 1767 883 1814 has
938 1771 1067 1828 'leges
1126 1773 1259 1829 ipsas,
1330 1781 1380 1816 ut
1437 1773 1677 1827 videamus,

122 1854 233 1882 num
290 1841 557 1898 antiquiores
613 1843 799 1885 eandem
864 1844 1036 1887 sabbati
1075 1845 1262 1902 *agendi
1317 1846 1534 1889 rationem
1595 1854 1684 1888 sta-

123 1918 276 1966 mant,
320 1927 453 1968 quam
490 1928 600 1969 quae
637 1915 874 1970 posteriore
920 1922 1113 1973 tempore
1156 1917 1343 1974 scriptae
1387 1932 1481 1961 esse
1525 1919 1684 1961 dicun·

122 1990 217 2038 tur,
278 1999 336 2027 an
384 2000 537 2028 verum
585 1986 666 2040 sit,
733 1987 849 2042 quod
899 1987 1008 2030 dicit
1056 1989 1475 2033 Wellhausen¹2
1532 1990 1684 2042 „Beim

122 2055 368 2100 Jehovieten
397 2059 488 2100 und
514 2059 906 2102 Deuteronomisten
945 2060 1003 2103 ist
1041 2062 1119 2104 der
1146 2061 1358 2115 sabbath,
1402 2063 1478 2105 der
1500 2062 1684 2120 freilioh

123 2128 252 2172 selum
282 2131 416 2172 Amos
436 2133 476 2184 8,
504 2134 533 2172 5
562 2132 651 2188 aas
672 2131 751 2174 den
780 2133 962 2175 Handel
984 2133 1246 2190 ausqedehnt
1280 2134 1390 2177 we’rd
1401 2168 1410 2189 ‚
1454 2134 1544 2177 eine
1574 2134 1684 2178 Ein-

122 2200 318 2258 richtunq
351 2202 527 2258 speciell
543 2204 636 2260 sicr
680 2204 761 2246 den
800 2203 1025 2247 Aokerbau
1070 2238 1079 2247 .
1107 2239 1116 2248 .
1145 2239 1156 2249 .
1185 2239 1213 2259 .‚
1267 2206 1324 2249 im
1362 2206 1684 2250 Priesteroodez

123 2273 310 2330 daqeqen
351 2306 364 2316 .
389 2308 399 2316 .
430 2307 439 2316 .
472 2274 582 2317 wird
608 2275 675 2317 die
703 2276 1016 2320 Sabbatksruhe
1052 2293 1163 2334 qauz
1199 2278 1386 2322 abstract
1422 2293 1680 2336 qenommen,

122 2345 240 2388 nicht
267 2346 334 2389 als
363 2346 490 2390 Ruhe
519 2362 599 2389 von
629 2347 761 2391 einem
789 2350 957 2404 Etwas,
993 2350 1071 2392 das
1100 2351 1165 2393 als
1195 2350 1264 2393 ihr
1295 2351 1546 2394 bestimmtes
1580 2352 1686 2394 Oor·

122 2417 232 2461 relat
269 2418 495 2470 ersoheint,
542 2435 581 2462 z.
613 2421 672 2463 B.
715 2435 794 2463 von
831 2421 907 2464 der
935 2422 1203 2476 Feldarbeit,
1247 2423 1428 2466 sondern
1464 2423 1529 2466 als
1561 2422 1684 2465 Ruhe

122 2489 423 2534 schlechthiffl.
662 2485 665 2487 ¹

237 2562 512 2620 Decalogi
542 2565 724 2606 verbum
755 2573 960 2620 quartum
988 2557 1129 2620 vetat7
1163 2582 1220 2609 ne
1249 2567 1381 2610 homo
1411 2567 1482 2610 vel
1505 2567 1686 2623 jumen-

123 2641 219 2676 tum
250 2634 437 2691 septimo
468 2635 553 2690 die,
589 2638 769 2680 sabbato
809 2638 1016 2692 Jehome,
1057 2639 1236 2695 aliquod
1273 2654 1383 2696 opus
1421 2635 1584 2695 (flsz‘n
1614 2636 1675 2695 55)

121 2705 273 2760 faciat,
326 2722 462 2763 quum
506 2709 688 2765 reliquis
738 2724 814 2752 sex
860 2711 1146 2755 hebdomadis
1191 2712 1347 2754 diebus
1395 2711 1683 2754 laborandum

217 2869 248 2911 1)
281 2869 486 2906 Gesohichte
509 2870 659 2914 Israele,
686 2870 703 2906 I
724 2873 799 2907 117.

192 2936 215 2963 L
223 2944 239 2964 o
248 2938 262 2964 t
270 2945 284 2964 z
292 2958 300 2970 ,
321 2937 450 2966 historin
468 2939 540 2967 sabb
547 2940 601 2967 ati.
955 2942 963 2951 ¹
1387 2944 1407 2977 6
