1904 3216
781 156 1067 196 -57—

149 270 249 313 alba
277 269 533 325 vestimenta
563 285 789 325 nunquam
818 285 960 323 mane,
986 269 1248 325 simulatque
1269 284 1292 311 e
1313 270 1425 312 lecto
1445 269 1696 322 surrexerit,

151 342 336 396 ideoque
365 356 455 383 non
487 341 684 384 induisse
714 341 800 384 nisi
819 342 1027 385 vestitum
1047 342 1272 394 mutando,
1309 342 1391 384 hoc
1411 342 1547 398 igitur
1566 341 1702 383 vetito

150 412 393 470 prohiberi,
435 428 492 456 ne
532 414 641 456 forte
681 429 759 456 rex
787 415 1036 467 arbitretur,
1072 413 1274 470 superius
1304 413 1588 456 interdictum
1618 413 1704 455 sibi

150 499 243 528 esse
276 485 602 542 neglegendum
636 494 884 543 propterea,
934 487 1074 541 quod,
1114 493 1164 529 ut
1206 486 1433 543 negotium
1476 485 1703 542 publicum

148 556 342 600 facturus
381 557 480 600 alba
519 557 782 601 vestimenta
811 558 993 612 induat,
1027 573 1120 601 mos
1163 559 1378 614 postulet:
1427 557 1532 601 licet
1571 558 1703 600 etiam

153 643 348 684 sumere,
381 629 492 673 albis
522 630 793 673 vestimentis
830 645 978 687 regem
1017 630 1103 673 nisi
1148 638 1264 673 certa
1308 630 1486 686 negotia
1529 630 1704 686 publica

149 708 374 758 gerentem
402 717 493 745 non
522 704 731 746 amictum
760 703 911 758 fuisse,
947 711 991 746 et
1020 710 1266 760 propterea,
1301 704 1417 758 quod
1447 718 1497 745 ea
1526 702 1704 759 negotia

148 773 220 816 die
253 774 470 830 ..hulydL
504 790 654 831 gerere
683 775 808 818 nefas
838 774 908 829 sit,
944 775 1203 818 vestimenta
1233 776 1288 817 ad
1320 791 1370 818 ea
1400 783 1500 831 apta
1520 776 1703 818 induere

147 844 298 889 vetari.
359 846 637 890 Libationem
666 847 807 891 facere
835 847 1124 901 interdicitur,
1160 854 1237 890 aut
1266 863 1323 890 ne
1348 848 1486 890 otium
1517 848 1705 904 impera-

145 924 240 961 tum
259 933 316 961 ne
336 918 516 962 libando
547 919 723 975 quidem
754 919 1108 976 interrumpatur,
1136 927 1213 962 aut
1235 921 1352 975 quod
1371 920 1523 963 libatio
1545 921 1701 963 diebus

143 989 233 1033 illis
252 997 304 1034 ut
321 991 470 1034 minus
498 991 653 1034 faustis
683 1006 774 1034 non
804 991 1053 1034 conveniat:
1091 1006 1220 1034 curru
1250 992 1366 1046 vehi,
1391 999 1467 1035 aut
1489 992 1592 1048 quia
1611 1007 1702 1035 non

147 1069 289 1119 potest
318 1063 413 1107 fieri
442 1064 537 1106 sine
567 1063 798 1107 hominum
829 1070 872 1107 et
901 1079 1110 1119 equorum
1140 1079 1270 1121 opera
1283 1067 1310 1118 ¹,
1351 1071 1428 1108 aut
1464 1065 1703 1122 voluptatis

146 1134 420 1191 abjiciendae
457 1151 600 1180 causa.
661 1138 822 1193 Magus
852 1144 1027 1194 aegroto
1057 1152 1238 1180 manum
1264 1136 1482 1193 applicare
1512 1144 1698 1191 vetatur,

147 1213 226 1249 aut
254 1207 358 1262 quia
386 1208 614 1264 negotium
644 1209 952 1265 quotidianum
983 1209 1076 1265 ejus
1107 1216 1185 1263 est,
1222 1216 1298 1252 aut
1329 1210 1431 1265 quia
1451 1209 1565 1252 vitae
1585 1209 1704 1252 leva-

147 1278 312 1322 tionem
340 1280 478 1323 affert.

260 1351 448 1407 Reliqua
478 1353 614 1396 vetita
645 1368 781 1408 quum
812 1353 955 1396 verbis
993 1353 1317 1396 obscurioribus
1352 1368 1558 1409 expressa
1595 1351 1698 1410 sint,

144 1430 379 1479 antequam
409 1439 460 1467 ea
489 1431 746 1480 tractemus,
791 1433 1010 1468 tentemus
1041 1440 1318 1481 cognoscere,
1363 1441 1472 1468 num
1511 1426 1579 1468 illi
1610 1427 1702 1469 dies

143 1495 308 1538 fuerint
337 1496 496 1540 animis
526 1497 796 1540 abstinentia
827 1497 1079 1541 coercendis
1109 1513 1166 1540 an
1197 1497 1286 1540 otio
1315 1498 1546 1553 destinati,
1593 1506 1636 1541 et
1665 1499 1702 1541 si

143 1568 248 1624 otio,
283 1584 392 1611 num
421 1570 478 1612 ad
507 1569 675 1613 tristem
706 1586 762 1614 an
793 1572 848 1613 ad
878 1571 1080 1614 festivam
1111 1570 1200 1612 diei
1219 1577 1424 1612 naturam
1444 1571 1585 1614 otium
1605 1587 1703 1628 per-

143 1639 340 1684 tinuerit.
404 1642 527 1687 Quae
557 1657 613 1685 ex
640 1643 886 1686 interdictis
917 1644 1060 1687 adhuc
1090 1642 1375 1686 consideratis
1412 1659 1503 1686 non
1534 1644 1702 1687 elucere

143 1713 350 1756 vidimus.

257 1786 456 1829 Primum
476 1787 887 1842 animadvertamus,
923 1788 1022 1830 illos
1053 1788 1146 1830 dies
1174 1788 1301 1844 (sicut
1322 1795 1485 1832 ceteros
1507 1789 1702 1845 ejusdem

143 1858 305 1902 mensis
335 1859 498 1914 omnes)
529 1860 704 1917 proprio
737 1863 866 1903 verbo
896 1861 1105 1904 faustos
1136 1877 1229 1905 esse
1260 1861 1409 1915 dictos,
1447 1877 1537 1905 non
1567 1862 1704 1918 igitur

147 1945 241 1974 esse
271 1931 416 1975 tristes
445 1932 515 1974 vel
544 1938 674 1975 atros.
736 1933 844 1976 Dies
875 1940 1022 1976 autem
1051 1933 1185 1977 fausti
1222 1935 1405 1976 minime
1442 1935 1622 1977 fuerunt
1651 1935 1698 1989 ii,

147 2003 308 2058 quibus
338 2019 496 2061 corpus
526 2011 812 2060 torqueretur,
849 2020 992 2060 neque
1023 2006 1070 2060 ii,
1107 2006 1265 2062 quibus
1285 2008 1340 2049 ab
1361 2007 1566 2064 operibus
1588 2008 1704 2051 desi-

145 2082 332 2118 steretur
370 2075 555 2131 idcirco,
599 2092 655 2119 ne
696 2077 808 2120 male
847 2093 898 2120 ea
935 2079 1142 2121 caderent
1151 2080 1181 2119 ².
1254 2079 1410 2134 Neque
1450 2080 1704 2123 adversatur

143 2162 307 2191 nomen
339 2149 570 2206 .ῂαῑ..9ᾶῑ.,
607 2150 722 2205 quod
754 2165 889 2204 quum
924 2150 1022 2207 hul.
1057 2166 1136 2208 per
1166 2166 1211 2194 se
1242 2151 1460 2208 significet
1480 2153 1701 2205 „malum“

144 2227 188 2263 et
216 2221 319 2277 .9ᾶῖ.
354 2225 516 2276 „esse“,
552 2228 678 2278 putet
698 2222 795 2278 quis
816 2223 1060 2280 significare
1083 2225 1275 2277 „malum
1297 2229 1418 2267 esse“
1441 2225 1532 2268 sive
1556 2227 1701 2281 „quod

143 2292 309 2336 malum
337 2297 445 2338 est“.
506 2295 568 2337 At
597 2295 716 2337 enim
744 2295 829 2337 hoc
856 2311 1065 2352 perquam
1095 2295 1313 2339 incertum
1345 2304 1422 2351 est,
1458 2298 1560 2353 quia
1592 2299 1702 2341 duo-

142 2380 240 2407 rum
260 2365 485 2422 signorum
506 2374 792 2410 cuneatorum
815 2369 1090 2424 copulatione
1111 2369 1177 2412 vis
1198 2369 1427 2425 utriusque
1459 2371 1703 2413 communis

143 2437 263 2480 haud
292 2453 387 2481 raro
427 2439 608 2482 omnino
649 2441 791 2483 deleta
831 2440 1016 2483 videtur.
1092 2442 1404 2485 Confitendum
1445 2451 1509 2486 est
1549 2444 1698 2499 igitur,

145 2509 252 2565 quid
280 2509 501 2567 significet
538 2515 608 2556 dm
650 2513 863 2569 &nayda
906 2529 986 2556 nos
1024 2511 1169 2556 adhuc
1208 2515 1390 2558 nescire.
1460 2516 1514 2558 In
1552 2516 1702 2559 tabula

239 2643 270 2686 1)
296 2642 468 2680 Fortasse
491 2655 619 2681 currus
642 2644 799 2682 bellicus
823 2650 972 2682 notatur
996 2659 1151 2694 eumque
1177 2648 1420 2685 conscendere
1453 2660 1517 2684 rex
1541 2653 1696 2694 vetatur,

142 2713 190 2737 ne
213 2699 354 2737 bellum
376 2706 480 2748 gerat
503 2702 562 2738 die
590 2704 767 2752 ,ζῃιίμρᾶἂ
1200 2718 1203 2721 ’

236 2761 268 2802 2)
293 2759 372 2796 Nee
395 2759 505 2796 facile
527 2762 733 2808 reperietur
764 2774 885 2805 causa,
921 2774 988 2799 cur
1011 2764 1189 2811 septimus
1221 2764 1378 2810 quisque
1409 2765 1488 2802 dies
1518 2765 1701 2802 infaustus

145 2815 295 2854 habitus
317 2817 378 2861 sit,
407 2830 521 2864 quum
543 2831 717 2856 numerus
741 2820 970 2866 septenarius
993 2832 1093 2857 sacer
1118 2821 1242 2857 fuerit.
