<?xml version="1.0" encoding="UTF-8"?>
<!DOCTYPE html PUBLIC "-//W3C//DTD XHTML 1.0 Transitional//EN"
    "http://www.w3.org/TR/xhtml1/DTD/xhtml1-transitional.dtd">
<html xmlns="http://www.w3.org/1999/xhtml" xml:lang="en" lang="en">
 <head>
  <title>
</title>
<meta http-equiv="Content-Type" content="text/html;charset=utf-8" />
  <meta name='ocr-system' content='tesseract 3.04.00' />
  <meta name='ocr-capabilities' content='ocr_page ocr_carea ocr_par ocr_line ocrx_word'/>
</head>
<body>
  <div class='ocr_page' id='page_1' title='image "./quaestionesdehis00lotzuoft/quaestionesdehis00lotzuoft_0043.png"; bbox 0 0 1904 3216; ppageno 0'>
   <div class='ocr_carea' id='block_1_1' title="bbox 768 143 1054 184">
    <p class='ocr_par' dir='ltr' id='par_1_1' title="bbox 768 143 1054 184">
     <span class='ocr_line' id='line_1_1' title="bbox 768 143 1054 184; baseline -0.007 -11"><span class='ocrx_word' id='word_1_1' title='bbox 768 143 1054 184; x_wconf 68' lang='lat'>-35-</span> 
     </span>
    </p>
   </div>
   <div class='ocr_carea' id='block_1_2' title="bbox 134 255 1693 742">
    <p class='ocr_par' dir='ltr' id='par_1_2' title="bbox 134 255 1693 742">
     <span class='ocr_line' id='line_1_2' title="bbox 138 255 1693 314; baseline -0.003 -13"><span class='ocrx_word' id='word_1_2' title='bbox 138 261 293 314; x_wconf 81' lang='lat' dir='ltr'>Itaque</span> <span class='ocrx_word' id='word_1_3' title='bbox 323 271 460 313; x_wconf 90' lang='lat' dir='ltr'>quum</span> <span class='ocrx_word' id='word_1_4' title='bbox 489 256 523 298; x_wconf 94' lang='lat' dir='ltr'>ii</span> <span class='ocrx_word' id='word_1_5' title='bbox 552 271 702 299; x_wconf 89' lang='lat' dir='ltr'>omnes</span> <span class='ocrx_word' id='word_1_6' title='bbox 732 256 781 298; x_wconf 92' lang='lat' dir='ltr'>in</span> <span class='ocrx_word' id='word_1_7' title='bbox 802 256 922 298; x_wconf 88' lang='lat' dir='ltr'>hunc</span> <span class='ocrx_word' id='word_1_8' title='bbox 940 270 1175 298; x_wconf 86' lang='lat' dir='ltr'>numerum</span> <span class='ocrx_word' id='word_1_9' title='bbox 1193 255 1507 312; x_wconf 84' lang='lat' dir='ltr'>reciperentur,</span> <span class='ocrx_word' id='word_1_10' title='bbox 1539 255 1693 310; x_wconf 88' lang='lat' dir='ltr'>plane-</span> 
     </span>
     <span class='ocr_line' id='line_1_3' title="bbox 137 326 1686 383; baseline -0.004 -9"><span class='ocrx_word' id='word_1_11' title='bbox 137 338 282 375; x_wconf 76' lang='lat' dir='ltr'>tarum</span> <span class='ocrx_word' id='word_1_12' title='bbox 321 329 426 372; x_wconf 85' lang='lat' dir='ltr'>ordo</span> <span class='ocrx_word' id='word_1_13' title='bbox 466 328 687 371; x_wconf 83' lang='lat' dir='ltr'><strong>concurrit</strong></span> <span class='ocrx_word' id='word_1_14' title='bbox 726 342 826 371; x_wconf 91' lang='lat' dir='ltr'>cum</span> <span class='ocrx_word' id='word_1_15' title='bbox 873 333 1016 370; x_wconf 87' lang='lat' dir='ltr'>vetere</span> <span class='ocrx_word' id='word_1_16' title='bbox 1057 328 1208 370; x_wconf 87' lang='lat' dir='ltr'>ordine</span> <span class='ocrx_word' id='word_1_17' title='bbox 1250 327 1429 370; x_wconf 91' lang='lat' dir='ltr'>deorum</span> <span class='ocrx_word' id='word_1_18' title='bbox 1469 326 1548 369; x_wconf 76' lang='lat' dir='ltr'>Sin</span> <span class='ocrx_word' id='word_1_19' title='bbox 1584 326 1686 383; x_wconf 55' lang='lat' dir='ltr'><strong>(K),</strong></span> 
     </span>
     <span class='ocr_line' id='line_1_4' title="bbox 137 383 1690 457; baseline -0.004 -12"><span class='ocrx_word' id='word_1_20' title='bbox 137 383 291 446; x_wconf 49' lang='lat' dir='ltr'>§amah</span> <span class='ocrx_word' id='word_1_21' title='bbox 317 399 420 457; x_wconf 77' lang='grc' dir='ltr'>(Θ),</span> <span class='ocrx_word' id='word_1_22' title='bbox 455 402 629 443; x_wconf 71' lang='lat' dir='ltr'>Raman</span> <span class='ocrx_word' id='word_1_23' title='bbox 659 399 751 455; x_wconf 92' lang='lat' dir='ltr'>(qui</span> <span class='ocrx_word' id='word_1_24' title='bbox 779 399 963 456; x_wconf 86' lang='lat' dir='ltr'>perinde</span> <span class='ocrx_word' id='word_1_25' title='bbox 985 401 1212 442; x_wconf 86' lang='lat' dir='ltr'>constabat</span> <span class='ocrx_word' id='word_1_26' title='bbox 1231 406 1362 454; x_wconf 86' lang='lat' dir='ltr'>atque</span> <span class='ocrx_word' id='word_1_27' title='bbox 1384 399 1488 441; x_wconf 90' lang='lat' dir='ltr'>ordo</span> <span class='ocrx_word' id='word_1_28' title='bbox 1511 398 1690 440; x_wconf 88' lang='lat' dir='ltr'>deorum</span> 
     </span>
     <span class='ocr_line' id='line_1_5' title="bbox 137 461 1690 527; baseline -0.004 -10"><span class='ocrx_word' id='word_1_29' title='bbox 137 470 256 527; x_wconf 69' lang='lat' dir='ltr'>Ana,</span> <span class='ocrx_word' id='word_1_30' title='bbox 284 471 381 525; x_wconf 60' lang='lat' dir='ltr'>Bel,</span> <span class='ocrx_word' id='word_1_31' title='bbox 414 461 543 527; x_wconf 79' lang='lat' dir='ltr'>E&#39;a1).</span> <span class='ocrx_word' id='word_1_32' title='bbox 595 473 741 526; x_wconf 88' lang='lat' dir='ltr'>Atque</span> <span class='ocrx_word' id='word_1_33' title='bbox 770 485 827 513; x_wconf 91' lang='lat' dir='ltr'>ne</span> <span class='ocrx_word' id='word_1_34' title='bbox 857 470 932 513; x_wconf 87' lang='lat' dir='ltr'>ille</span> <span class='ocrx_word' id='word_1_35' title='bbox 963 471 1067 513; x_wconf 86' lang='lat' dir='ltr'>ordo</span> <span class='ocrx_word' id='word_1_36' title='bbox 1097 471 1228 527; x_wconf 87' lang='lat' dir='ltr'>longo</span> <span class='ocrx_word' id='word_1_37' title='bbox 1258 486 1343 513; x_wconf 89' lang='lat' dir='ltr'>usu</span> <span class='ocrx_word' id='word_1_38' title='bbox 1373 469 1502 512; x_wconf 86' lang='lat' dir='ltr'>tritus</span> <span class='ocrx_word' id='word_1_39' title='bbox 1523 470 1690 512; x_wconf 87' lang='lat' dir='ltr'>delere-</span> 
     </span>
     <span class='ocr_line' id='line_1_6' title="bbox 136 527 1688 599; baseline -0.003 -11"><span class='ocrx_word' id='word_1_40' title='bbox 136 551 223 596; x_wconf 78' lang='lat' dir='ltr'>tur,</span> <span class='ocrx_word' id='word_1_41' title='bbox 257 527 411 588; x_wconf 58' lang='grc' dir='ltr'><em>έαηιαὲ</em></span> <span class='ocrx_word' id='word_1_42' title='bbox 440 550 486 586; x_wconf 86' lang='lat' dir='ltr'>et</span> <span class='ocrx_word' id='word_1_43' title='bbox 503 546 677 587; x_wconf 74' lang='lat' dir='ltr'>Raman</span> <span class='ocrx_word' id='word_1_44' title='bbox 705 549 804 599; x_wconf 93' lang='lat' dir='ltr'>post</span> <span class='ocrx_word' id='word_1_45' title='bbox 822 541 900 585; x_wconf 77' lang='lat' dir='ltr'>Sin</span> <span class='ocrx_word' id='word_1_46' title='bbox 922 542 1120 597; x_wconf 84' lang='lat' dir='ltr'>(Lunam)</span> <span class='ocrx_word' id='word_1_47' title='bbox 1151 542 1200 584; x_wconf 91' lang='lat' dir='ltr'>in</span> <span class='ocrx_word' id='word_1_48' title='bbox 1229 542 1504 598; x_wconf 87' lang='lat' dir='ltr'>planetarum</span> <span class='ocrx_word' id='word_1_49' title='bbox 1533 542 1688 584; x_wconf 88' lang='lat' dir='ltr'>seriem</span> 
     </span>
     <span class='ocr_line' id='line_1_7' title="bbox 134 613 1688 670; baseline -0.003 -11"><span class='ocrx_word' id='word_1_50' title='bbox 134 615 309 659; x_wconf 89' lang='lat' dir='ltr'>inducti</span> <span class='ocrx_word' id='word_1_51' title='bbox 350 622 454 658; x_wconf 87' lang='lat' dir='ltr'>sunt</span> <span class='ocrx_word' id='word_1_52' title='bbox 497 615 546 658; x_wconf 92' lang='lat' dir='ltr'>in</span> <span class='ocrx_word' id='word_1_53' title='bbox 590 629 641 657; x_wconf 85' lang='lat' dir='ltr'>ea</span> <span class='ocrx_word' id='word_1_54' title='bbox 683 614 800 667; x_wconf 84' lang='lat' dir='ltr'>loca,</span> <span class='ocrx_word' id='word_1_55' title='bbox 849 628 959 669; x_wconf 87' lang='lat' dir='ltr'>quae</span> <span class='ocrx_word' id='word_1_56' title='bbox 1003 620 1133 656; x_wconf 88' lang='lat' dir='ltr'>antea</span> <span class='ocrx_word' id='word_1_57' title='bbox 1176 614 1356 670; x_wconf 86' lang='lat' dir='ltr'>Nergali</span> <span class='ocrx_word' id='word_1_58' title='bbox 1400 621 1444 656; x_wconf 87' lang='lat' dir='ltr'>et</span> <span class='ocrx_word' id='word_1_59' title='bbox 1491 613 1688 656; x_wconf 88' lang='lat' dir='ltr'>Nebonis</span> 
     </span>
     <span class='ocr_line' id='line_1_8' title="bbox 142 685 1688 742; baseline -0.002 -11"><span class='ocrx_word' id='word_1_60' title='bbox 142 686 310 742; x_wconf 76' lang='lat' dir='ltr'>(Martis</span> <span class='ocrx_word' id='word_1_61' title='bbox 340 694 384 730; x_wconf 91' lang='lat' dir='ltr'>et</span> <span class='ocrx_word' id='word_1_62' title='bbox 411 686 635 742; x_wconf 87' lang='lat' dir='ltr'>Mercurii)</span> <span class='ocrx_word' id='word_1_63' title='bbox 669 686 856 739; x_wconf 88' lang='lat' dir='ltr'>fuerant,</span> <span class='ocrx_word' id='word_1_64' title='bbox 892 685 941 727; x_wconf 89' lang='lat' dir='ltr'>hi</span> <span class='ocrx_word' id='word_1_65' title='bbox 971 691 1118 727; x_wconf 89' lang='lat' dir='ltr'>autem</span> <span class='ocrx_word' id='word_1_66' title='bbox 1148 685 1197 727; x_wconf 86' lang='lat' dir='ltr'>in</span> <span class='ocrx_word' id='word_1_67' title='bbox 1225 686 1359 728; x_wconf 89' lang='lat' dir='ltr'>finem</span> <span class='ocrx_word' id='word_1_68' title='bbox 1389 685 1517 728; x_wconf 90' lang='lat' dir='ltr'>seriei</span> <span class='ocrx_word' id='word_1_69' title='bbox 1546 692 1688 728; x_wconf 85' lang='lat' dir='ltr'>trans-</span> 
     </span>
    </p>
   </div>
   <div class='ocr_carea' id='block_1_3' title="bbox 131 758 1362 913">
    <p class='ocr_par' dir='ltr' id='par_1_3' title="bbox 131 758 1362 913">
     <span class='ocr_line' id='line_1_9' title="bbox 131 758 369 802; baseline 0 0"><span class='ocrx_word' id='word_1_70' title='bbox 131 758 214 802; x_wconf 82' lang='lat' dir='ltr'>lati</span> <span class='ocrx_word' id='word_1_71' title='bbox 243 766 369 802; x_wconf 84' lang='lat' dir='ltr'>sunt:</span> 
     </span>
     <span class='ocr_line' id='line_1_10' title="bbox 297 833 1362 913; baseline -0.003 -13"><span class='ocrx_word' id='word_1_72' title='bbox 297 859 400 900; x_wconf 73' lang='lat' dir='ltr'>Ana</span> <span class='ocrx_word' id='word_1_73' title='bbox 431 857 515 900; x_wconf 63' lang='grc' dir='ltr'>Βεῑ</span> <span class='ocrx_word' id='word_1_74' title='bbox 541 846 612 900; x_wconf 70' lang='lat' dir='ltr'>Ea</span> <span class='ocrx_word' id='word_1_75' title='bbox 662 856 703 913; x_wconf 69' lang='grc' dir='ltr'>(ζ</span> <span class='ocrx_word' id='word_1_76' title='bbox 845 857 972 898; x_wconf 79' lang='lat' dir='ltr'>Ram.</span> <span class='ocrx_word' id='word_1_77' title='bbox 1018 833 1362 839; x_wconf 42' lang='grc' dir='ltr'>ψ*-</span> 
     </span>
    </p>
   </div>
   <div class='ocr_carea' id='block_1_4' title="bbox 769 935 1397 992">
    <p class='ocr_par' dir='ltr' id='par_1_4' title="bbox 769 935 1397 992">
     <span class='ocr_line' id='line_1_11' title="bbox 769 937 824 992; textangle 90"><span class='ocrx_word' id='word_1_78' title='bbox 769 937 824 992; x_wconf 65' lang='lat' dir='ltr'>Q</span> 
     </span>
     <span class='ocr_line' id='line_1_12' title="bbox 1340 935 1397 991; textangle 90"><span class='ocrx_word' id='word_1_79' title='bbox 1340 935 1397 991; x_wconf 66' lang='lat' dir='ltr'>&lt;D</span> 
     </span>
    </p>
   </div>
   <div class='ocr_carea' id='block_1_5' title="bbox 356 914 362 1065">
    <p class='ocr_par' dir='ltr' id='par_1_5' title="bbox 356 914 362 1065">
     <span class='ocr_line' id='line_1_13' title="bbox 356 914 362 1065; baseline 0 2151"><span class='ocrx_word' id='word_1_80' title='bbox 356 914 362 1065; x_wconf 95' lang='lat' dir='ltr'> </span> 
     </span>
    </p>
   </div>
   <div class='ocr_carea' id='block_1_6' title="bbox 475 914 480 1066">
    <p class='ocr_par' dir='ltr' id='par_1_6' title="bbox 475 914 480 1066">
     <span class='ocr_line' id='line_1_14' title="bbox 475 914 480 1066; baseline 0 0"><span class='ocrx_word' id='word_1_81' title='bbox 475 914 480 1066; x_wconf 95' lang='lat' dir='ltr'> </span> 
     </span>
    </p>
   </div>
   <div class='ocr_carea' id='block_1_7' title="bbox 296 913 1512 1212">
    <p class='ocr_par' dir='ltr' id='par_1_7' title="bbox 296 913 1512 1212">
     <span class='ocr_line' id='line_1_15' title="bbox 577 913 1512 1075; baseline -0.005 0"><span class='ocrx_word' id='word_1_82' title='bbox 577 913 1512 1075; x_wconf 33' lang='lat' dir='ltr'>¹542&amp;ss-</span> 
     </span>
     <span class='ocr_line' id='line_1_16' title="bbox 296 1064 1504 1132; baseline -0.002 -13"><span class='ocrx_word' id='word_1_83' title='bbox 296 1064 612 1119; x_wconf 64' lang='grc' dir='ltr'>ΑηαΒεῑΕα</span> <span class='ocrx_word' id='word_1_84' title='bbox 661 1074 703 1131; x_wconf 68' lang='grc' dir='ltr'>(ζ</span> <span class='ocrx_word' id='word_1_85' title='bbox 769 1074 1052 1132; x_wconf 45' lang='lat' dir='ltr'>&amp;Rama</span> <span class='ocrx_word' id='word_1_86' title='bbox 1121 1073 1162 1129; x_wconf 73' lang='grc' dir='ltr'>ῼ</span> <span class='ocrx_word' id='word_1_87' title='bbox 1231 1073 1278 1130; x_wconf 66' lang='lat'>‘0</span> <span class='ocrx_word' id='word_1_88' title='bbox 1469 1073 1504 1129; x_wconf 65' lang='lat'>3}</span> 
     </span>
     <span class='ocr_line' id='line_1_17' title="bbox 662 1153 1503 1212; baseline -0.002 0"><span class='ocrx_word' id='word_1_89' title='bbox 662 1155 828 1212; x_wconf 67' lang='lat' dir='ltr'>(G)</span> <span class='ocrx_word' id='word_1_90' title='bbox 1003 1153 1277 1211; x_wconf 52' lang='lat'>29²9</span> <span class='ocrx_word' id='word_1_91' title='bbox 1468 1153 1503 1210; x_wconf 72' lang='grc' dir='ltr'><strong><em>ζέ</em></strong></span> 
     </span>
    </p>
   </div>
   <div class='ocr_carea' id='block_1_8' title="bbox 135 1278 1686 1414">
    <p class='ocr_par' dir='ltr' id='par_1_8' title="bbox 135 1278 1686 1414">
     <span class='ocr_line' id='line_1_18' title="bbox 135 1278 1678 1343; baseline -0.003 -17"><span class='ocrx_word' id='word_1_92' title='bbox 135 1283 185 1343; x_wconf 82' lang='lat' dir='ltr'>Si</span> <span class='ocrx_word' id='word_1_93' title='bbox 214 1283 298 1326; x_wconf 90' lang='lat' dir='ltr'>hoc</span> <span class='ocrx_word' id='word_1_94' title='bbox 324 1283 454 1325; x_wconf 91' lang='lat' dir='ltr'>modo</span> <span class='ocrx_word' id='word_1_95' title='bbox 482 1282 757 1338; x_wconf 82' lang='lat' dir='ltr'>planetarum</span> <span class='ocrx_word' id='word_1_96' title='bbox 795 1282 900 1324; x_wconf 89' lang='lat' dir='ltr'>ordo</span> <span class='ocrx_word' id='word_1_97' title='bbox 939 1281 1249 1337; x_wconf 86' lang='lat' dir='ltr'>babylonicus:</span> <span class='ocrx_word' id='word_1_98' title='bbox 1291 1280 1332 1337; x_wconf 58' lang='grc' dir='ltr'>ζ</span> <span class='ocrx_word' id='word_1_99' title='bbox 1370 1280 1428 1337; x_wconf 72' lang='grc' dir='ltr'>Θ</span> <span class='ocrx_word' id='word_1_100' title='bbox 1460 1279 1510 1337; x_wconf 62' lang='lat'>21.</span> <span class='ocrx_word' id='word_1_101' title='bbox 1551 1278 1590 1336; x_wconf 78' lang='grc' dir='ltr'>ῼ</span> <span class='ocrx_word' id='word_1_102' title='bbox 1633 1279 1678 1336; x_wconf 63' lang='lat' dir='ltr'>b</span> 
     </span>
     <span class='ocr_line' id='line_1_19' title="bbox 135 1351 1686 1414; baseline -0.003 -17"><span class='ocrx_word' id='word_1_103' title='bbox 135 1356 190 1411; x_wconf 54' lang='grc' dir='ltr'>(ᾗ</span> <span class='ocrx_word' id='word_1_104' title='bbox 222 1354 257 1411; x_wconf 58' lang='grc' dir='ltr'><strong>ἕ</strong></span> <span class='ocrx_word' id='word_1_105' title='bbox 297 1361 416 1397; x_wconf 83' lang='lat' dir='ltr'>ortus</span> <span class='ocrx_word' id='word_1_106' title='bbox 447 1361 528 1407; x_wconf 81' lang='lat' dir='ltr'>est,</span> <span class='ocrx_word' id='word_1_107' title='bbox 561 1353 770 1409; x_wconf 82' lang='lat' dir='ltr'>sequitur,</span> <span class='ocrx_word' id='word_1_108' title='bbox 806 1359 857 1395; x_wconf 91' lang='lat' dir='ltr'>ut</span> <span class='ocrx_word' id='word_1_109' title='bbox 885 1353 1123 1395; x_wconf 90' lang='lat' dir='ltr'>hebdomas</span> <span class='ocrx_word' id='word_1_110' title='bbox 1163 1351 1422 1414; x_wconf 87' lang='lat' dir='ltr'>astrologica</span> <span class='ocrx_word' id='word_1_111' title='bbox 1446 1351 1538 1407; x_wconf 87' lang='lat' dir='ltr'>jam</span> <span class='ocrx_word' id='word_1_112' title='bbox 1568 1352 1686 1394; x_wconf 87' lang='lat' dir='ltr'>anti-</span> 
     </span>
    </p>
   </div>
   <div class='ocr_carea' id='block_1_9' title="bbox 1343 1075 1398 1209">
    <p class='ocr_par' dir='ltr' id='par_1_9' title="bbox 1343 1075 1398 1209">
     <span class='ocr_line' id='line_1_20' title="bbox 1343 1075 1398 1209; textangle 90"><span class='ocrx_word' id='word_1_113' title='bbox 1343 1075 1398 1209; x_wconf 53' lang='grc' dir='ltr'>ψ),</span> 
     </span>
    </p>
   </div>
   <div class='ocr_carea' id='block_1_10' title="bbox 120 1423 1686 2702">
    <p class='ocr_par' dir='ltr' id='par_1_10' title="bbox 120 1423 1686 2702">
     <span class='ocr_line' id='line_1_21' title="bbox 135 1423 1683 1482; baseline -0.003 -14"><span class='ocrx_word' id='word_1_114' title='bbox 135 1425 283 1481; x_wconf 85' lang='lat' dir='ltr'>quitus</span> <span class='ocrx_word' id='word_1_115' title='bbox 310 1439 337 1467; x_wconf 83' lang='lat' dir='ltr'>a</span> <span class='ocrx_word' id='word_1_116' title='bbox 355 1424 609 1482; x_wconf 80' lang='lat' dir='ltr'>Babyloniis</span> <span class='ocrx_word' id='word_1_117' title='bbox 639 1424 868 1480; x_wconf 89' lang='lat' dir='ltr'>(Accadiis)</span> <span class='ocrx_word' id='word_1_118' title='bbox 903 1424 1083 1466; x_wconf 87' lang='lat' dir='ltr'>inventa</span> <span class='ocrx_word' id='word_1_119' title='bbox 1113 1425 1183 1467; x_wconf 88' lang='lat' dir='ltr'>sit.</span> <span class='ocrx_word' id='word_1_120' title='bbox 1237 1425 1400 1466; x_wconf 90' lang='lat' dir='ltr'>Verum</span> <span class='ocrx_word' id='word_1_121' title='bbox 1430 1423 1476 1467; x_wconf 89' lang='lat' dir='ltr'>in</span> <span class='ocrx_word' id='word_1_122' title='bbox 1506 1423 1683 1479; x_wconf 87' lang='lat' dir='ltr'>publico</span> 
     </span>
     <span class='ocr_line' id='line_1_22' title="bbox 131 1496 1686 1552; baseline -0.002 -12"><span class='ocrx_word' id='word_1_123' title='bbox 131 1511 217 1540; x_wconf 84' lang='lat' dir='ltr'>usu</span> <span class='ocrx_word' id='word_1_124' title='bbox 245 1511 341 1539; x_wconf 82' lang='lat' dir='ltr'>eam</span> <span class='ocrx_word' id='word_1_125' title='bbox 369 1497 504 1540; x_wconf 87' lang='lat' dir='ltr'>fuisse</span> <span class='ocrx_word' id='word_1_126' title='bbox 533 1511 624 1539; x_wconf 91' lang='lat' dir='ltr'>non</span> <span class='ocrx_word' id='word_1_127' title='bbox 642 1496 868 1552; x_wconf 86' lang='lat' dir='ltr'>probabile</span> <span class='ocrx_word' id='word_1_128' title='bbox 899 1502 975 1545; x_wconf 85' lang='lat' dir='ltr'>est,</span> <span class='ocrx_word' id='word_1_129' title='bbox 1012 1511 1116 1538; x_wconf 88' lang='lat' dir='ltr'>nam</span> <span class='ocrx_word' id='word_1_130' title='bbox 1146 1496 1183 1538; x_wconf 90' lang='lat' dir='ltr'>si</span> <span class='ocrx_word' id='word_1_131' title='bbox 1207 1496 1374 1549; x_wconf 82' lang='lat' dir='ltr'>fuisset,</span> <span class='ocrx_word' id='word_1_132' title='bbox 1410 1496 1686 1551; x_wconf 84' lang='lat' dir='ltr'>planetarum</span> 
     </span>
     <span class='ocr_line' id='line_1_23' title="bbox 131 1567 1684 1626; baseline -0.001 -14"><span class='ocrx_word' id='word_1_133' title='bbox 131 1569 239 1613; x_wconf 86' lang='lat' dir='ltr'>ordo</span> <span class='ocrx_word' id='word_1_134' title='bbox 266 1569 342 1612; x_wconf 82' lang='lat' dir='ltr'>vix</span> <span class='ocrx_word' id='word_1_135' title='bbox 369 1568 583 1626; x_wconf 86' lang='lat' dir='ltr'>potuisset</span> <span class='ocrx_word' id='word_1_136' title='bbox 610 1567 688 1610; x_wconf 93' lang='lat' dir='ltr'>illo</span> <span class='ocrx_word' id='word_1_137' title='bbox 716 1568 846 1611; x_wconf 89' lang='lat' dir='ltr'>modo</span> <span class='ocrx_word' id='word_1_138' title='bbox 876 1567 1056 1610; x_wconf 88' lang='lat' dir='ltr'>turbari.</span> <span class='ocrx_word' id='word_1_139' title='bbox 1118 1567 1373 1623; x_wconf 86' lang='lat' dir='ltr'>Astrologos</span> <span class='ocrx_word' id='word_1_140' title='bbox 1403 1574 1550 1610; x_wconf 85' lang='lat' dir='ltr'>autem</span> <span class='ocrx_word' id='word_1_141' title='bbox 1580 1567 1684 1623; x_wconf 85' lang='lat' dir='ltr'>(sive</span> 
     </span>
     <span class='ocr_line' id='line_1_24' title="bbox 131 1639 1683 1696; baseline -0.001 -13"><span class='ocrx_word' id='word_1_142' title='bbox 131 1641 376 1684; x_wconf 75' lang='lat' dir='ltr'>sacerdotes</span> <span class='ocrx_word' id='word_1_143' title='bbox 384 1642 415 1696; x_wconf 67' lang='grc' dir='ltr'>Ῠ)</span> <span class='ocrx_word' id='word_1_144' title='bbox 453 1654 622 1696; x_wconf 88' lang='lat' dir='ltr'>semper</span> <span class='ocrx_word' id='word_1_145' title='bbox 651 1655 702 1682; x_wconf 87' lang='lat' dir='ltr'>ea</span> <span class='ocrx_word' id='word_1_146' title='bbox 730 1654 834 1682; x_wconf 89' lang='lat' dir='ltr'>usos</span> <span class='ocrx_word' id='word_1_147' title='bbox 865 1655 960 1683; x_wconf 88' lang='lat' dir='ltr'>esse</span> <span class='ocrx_word' id='word_1_148' title='bbox 988 1640 1254 1696; x_wconf 84' lang='lat' dir='ltr'>putaverim,</span> <span class='ocrx_word' id='word_1_149' title='bbox 1300 1640 1362 1682; x_wconf 89' lang='lat' dir='ltr'>ita</span> <span class='ocrx_word' id='word_1_150' title='bbox 1390 1645 1440 1681; x_wconf 87' lang='lat' dir='ltr'>ut</span> <span class='ocrx_word' id='word_1_151' title='bbox 1468 1639 1683 1695; x_wconf 89' lang='lat' dir='ltr'>posterius</span> 
     </span>
     <span class='ocr_line' id='line_1_25' title="bbox 130 1711 1683 1768; baseline -0.001 -14"><span class='ocrx_word' id='word_1_152' title='bbox 130 1727 229 1755; x_wconf 85' lang='lat' dir='ltr'>eam</span> <span class='ocrx_word' id='word_1_153' title='bbox 258 1713 312 1754; x_wconf 81' lang='lat' dir='ltr'>ab</span> <span class='ocrx_word' id='word_1_154' title='bbox 340 1712 428 1754; x_wconf 90' lang='lat' dir='ltr'>illis</span> <span class='ocrx_word' id='word_1_155' title='bbox 459 1711 654 1768; x_wconf 85' lang='lat' dir='ltr'>accipere</span> <span class='ocrx_word' id='word_1_156' title='bbox 683 1711 906 1767; x_wconf 90' lang='lat' dir='ltr'>potuerint</span> <span class='ocrx_word' id='word_1_157' title='bbox 934 1712 1137 1754; x_wconf 86' lang='lat' dir='ltr'>Aramaei</span> <span class='ocrx_word' id='word_1_158' title='bbox 1167 1718 1211 1755; x_wconf 89' lang='lat' dir='ltr'>et</span> <span class='ocrx_word' id='word_1_159' title='bbox 1239 1713 1293 1754; x_wconf 88' lang='lat' dir='ltr'>ab</span> <span class='ocrx_word' id='word_1_160' title='bbox 1331 1711 1400 1754; x_wconf 88' lang='lat' dir='ltr'>his</span> <span class='ocrx_word' id='word_1_161' title='bbox 1433 1711 1592 1755; x_wconf 84' lang='lat' dir='ltr'>Graeci</span> <span class='ocrx_word' id='word_1_162' title='bbox 1632 1726 1683 1753; x_wconf 91' lang='lat' dir='ltr'>ac</span> 
     </span>
     <span class='ocr_line' id='line_1_26' title="bbox 130 1783 1683 1840; baseline -0.001 -13"><span class='ocrx_word' id='word_1_163' title='bbox 130 1783 337 1827; x_wconf 71' lang='lat' dir='ltr'>Romani.</span> <span class='ocrx_word' id='word_1_164' title='bbox 406 1784 611 1827; x_wconf 86' lang='lat' dir='ltr'>Ceterum</span> <span class='ocrx_word' id='word_1_165' title='bbox 648 1783 960 1840; x_wconf 89' lang='lat' dir='ltr'>suspicandum</span> <span class='ocrx_word' id='word_1_166' title='bbox 998 1790 1085 1837; x_wconf 77' lang='lat' dir='ltr'>est,</span> <span class='ocrx_word' id='word_1_167' title='bbox 1130 1783 1370 1840; x_wconf 86' lang='lat' dir='ltr'>astrologos</span> <span class='ocrx_word' id='word_1_168' title='bbox 1411 1783 1543 1826; x_wconf 89' lang='lat' dir='ltr'>simul</span> <span class='ocrx_word' id='word_1_169' title='bbox 1583 1798 1683 1825; x_wconf 88' lang='lat' dir='ltr'>cum</span> 
     </span>
     <span class='ocr_line' id='line_1_27' title="bbox 130 1854 1683 1911; baseline -0.001 -13"><span class='ocrx_word' id='word_1_170' title='bbox 130 1855 284 1899; x_wconf 90' lang='lat' dir='ltr'>ordine</span> <span class='ocrx_word' id='word_1_171' title='bbox 313 1854 491 1910; x_wconf 82' lang='lat' dir='ltr'>antiquo</span> <span class='ocrx_word' id='word_1_172' title='bbox 523 1855 654 1898; x_wconf 80' lang='lat' dir='ltr'>etiam</span> <span class='ocrx_word' id='word_1_173' title='bbox 681 1855 909 1897; x_wconf 85' lang='lat' dir='ltr'>immutato</span> <span class='ocrx_word' id='word_1_174' title='bbox 948 1855 1027 1897; x_wconf 89' lang='lat' dir='ltr'>illo</span> <span class='ocrx_word' id='word_1_175' title='bbox 1069 1855 1220 1897; x_wconf 90' lang='lat' dir='ltr'>ordine</span> <span class='ocrx_word' id='word_1_176' title='bbox 1258 1854 1306 1896; x_wconf 92' lang='lat' dir='ltr'>in</span> <span class='ocrx_word' id='word_1_177' title='bbox 1342 1870 1388 1898; x_wconf 91' lang='lat' dir='ltr'>re</span> <span class='ocrx_word' id='word_1_178' title='bbox 1424 1855 1683 1911; x_wconf 84' lang='lat' dir='ltr'>astrologica</span> 
     </span>
     <span class='ocr_line' id='line_1_28' title="bbox 131 1926 1683 1983; baseline 0 -13"><span class='ocrx_word' id='word_1_179' title='bbox 131 1942 237 1970; x_wconf 87' lang='lat' dir='ltr'>usos</span> <span class='ocrx_word' id='word_1_180' title='bbox 267 1941 374 1980; x_wconf 84' lang='lat' dir='ltr'>esse,</span> <span class='ocrx_word' id='word_1_181' title='bbox 411 1934 454 1969; x_wconf 87' lang='lat' dir='ltr'>et</span> <span class='ocrx_word' id='word_1_182' title='bbox 483 1927 591 1970; x_wconf 84' lang='lat' dir='ltr'>alios</span> <span class='ocrx_word' id='word_1_183' title='bbox 620 1927 802 1970; x_wconf 81' lang='lat' dir='ltr'>fortasse</span> <span class='ocrx_word' id='word_1_184' title='bbox 832 1935 976 1969; x_wconf 85' lang='lat' dir='ltr'>vetere</span> <span class='ocrx_word' id='word_1_185' title='bbox 1008 1927 1158 1969; x_wconf 85' lang='lat' dir='ltr'>ordine</span> <span class='ocrx_word' id='word_1_186' title='bbox 1188 1927 1326 1982; x_wconf 85' lang='lat' dir='ltr'>magis</span> <span class='ocrx_word' id='word_1_187' title='bbox 1357 1926 1583 1983; x_wconf 85' lang='lat' dir='ltr'>magisque</span> <span class='ocrx_word' id='word_1_188' title='bbox 1603 1942 1683 1970; x_wconf 91' lang='lat' dir='ltr'>ne-</span> 
     </span>
     <span class='ocr_line' id='line_1_29' title="bbox 130 1998 1677 2060; baseline 0.001 -20"><span class='ocrx_word' id='word_1_189' title='bbox 130 1999 274 2056; x_wconf 79' lang='lat' dir='ltr'>glecto</span> <span class='ocrx_word' id='word_1_190' title='bbox 303 2013 416 2042; x_wconf 86' lang='lat' dir='ltr'>novo</span> <span class='ocrx_word' id='word_1_191' title='bbox 446 1998 523 2040; x_wconf 92' lang='lat' dir='ltr'>illo</span> <span class='ocrx_word' id='word_1_192' title='bbox 553 1998 619 2040; x_wconf 91' lang='lat' dir='ltr'>uti</span> <span class='ocrx_word' id='word_1_193' title='bbox 647 1999 873 2051; x_wconf 81' lang='lat' dir='ltr'>maluisse⁷</span> <span class='ocrx_word' id='word_1_194' title='bbox 920 2013 1055 2060; x_wconf 80' lang='lat' dir='ltr'>quum</span> <span class='ocrx_word' id='word_1_195' title='bbox 1093 1998 1166 2040; x_wconf 89' lang='lat' dir='ltr'>alii</span> <span class='ocrx_word' id='word_1_196' title='bbox 1206 1998 1434 2053; x_wconf 87' lang='lat' dir='ltr'>antiquum</span> <span class='ocrx_word' id='word_1_197' title='bbox 1464 2005 1677 2042; x_wconf 88' lang='lat' dir='ltr'>tenerent.</span> 
     </span>
     <span class='ocr_line' id='line_1_30' title="bbox 131 2071 1681 2124; baseline -0.001 -10"><span class='ocrx_word' id='word_1_198' title='bbox 131 2071 261 2114; x_wconf 88' lang='lat' dir='ltr'>Certe</span> <span class='ocrx_word' id='word_1_199' title='bbox 288 2071 531 2113; x_wconf 81' lang='lat' dir='ltr'>notandum</span> <span class='ocrx_word' id='word_1_200' title='bbox 561 2078 644 2124; x_wconf 84' lang='lat' dir='ltr'>est,</span> <span class='ocrx_word' id='word_1_201' title='bbox 689 2071 736 2113; x_wconf 93' lang='lat' dir='ltr'>in</span> <span class='ocrx_word' id='word_1_202' title='bbox 766 2071 903 2113; x_wconf 89' lang='lat' dir='ltr'>tribus</span> <span class='ocrx_word' id='word_1_203' title='bbox 933 2071 1093 2112; x_wconf 86' lang='lat' dir='ltr'>tabulis</span> <span class='ocrx_word' id='word_1_204' title='bbox 1122 2077 1338 2112; x_wconf 87' lang='lat' dir='ltr'>mutatum</span> <span class='ocrx_word' id='word_1_205' title='bbox 1377 2071 1572 2113; x_wconf 91' lang='lat' dir='ltr'>ordinem</span> <span class='ocrx_word' id='word_1_206' title='bbox 1611 2071 1681 2113; x_wconf 92' lang='lat' dir='ltr'>in-</span> 
     </span>
     <span class='ocr_line' id='line_1_31' title="bbox 127 2142 1681 2199; baseline -0.001 -13"><span class='ocrx_word' id='word_1_207' title='bbox 127 2142 281 2196; x_wconf 74' lang='lat' dir='ltr'>veniri,</span> <span class='ocrx_word' id='word_1_208' title='bbox 316 2143 546 2199; x_wconf 81' lang='lat' dir='ltr'>antiquum</span> <span class='ocrx_word' id='word_1_209' title='bbox 576 2143 718 2185; x_wconf 85' lang='lat' dir='ltr'>adhuc</span> <span class='ocrx_word' id='word_1_210' title='bbox 745 2143 794 2185; x_wconf 92' lang='lat' dir='ltr'>in</span> <span class='ocrx_word' id='word_1_211' title='bbox 814 2142 958 2185; x_wconf 85' lang='lat' dir='ltr'>nulla.</span> <span class='ocrx_word' id='word_1_212' title='bbox 1012 2143 1155 2187; x_wconf 83' lang='lat' dir='ltr'>Quam</span> <span class='ocrx_word' id='word_1_213' title='bbox 1185 2143 1240 2184; x_wconf 96' lang='lat' dir='ltr'>ob</span> <span class='ocrx_word' id='word_1_214' title='bbox 1270 2157 1360 2185; x_wconf 92' lang='lat' dir='ltr'>rem</span> <span class='ocrx_word' id='word_1_215' title='bbox 1390 2157 1482 2185; x_wconf 89' lang='lat' dir='ltr'>non</span> <span class='ocrx_word' id='word_1_216' title='bbox 1502 2143 1681 2185; x_wconf 93' lang='lat' dir='ltr'>omnino</span> 
     </span>
     <span class='ocr_line' id='line_1_32' title="bbox 126 2215 1682 2271; baseline 0 -14"><span class='ocrx_word' id='word_1_217' title='bbox 126 2215 399 2271; x_wconf 84' lang='lat' dir='ltr'>repudianda</span> <span class='ocrx_word' id='word_1_218' title='bbox 426 2215 598 2258; x_wconf 85' lang='lat' dir='ltr'>videtur</span> <span class='ocrx_word' id='word_1_219' title='bbox 628 2215 796 2271; x_wconf 79' lang='lat' dir='ltr'>opinio,</span> <span class='ocrx_word' id='word_1_220' title='bbox 834 2215 984 2258; x_wconf 88' lang='lat' dir='ltr'>ordine</span> <span class='ocrx_word' id='word_1_221' title='bbox 1014 2215 1288 2271; x_wconf 88' lang='lat' dir='ltr'>planetarum</span> <span class='ocrx_word' id='word_1_222' title='bbox 1317 2215 1392 2257; x_wconf 93' lang='lat' dir='ltr'>illo</span> <span class='ocrx_word' id='word_1_223' title='bbox 1423 2215 1553 2257; x_wconf 90' lang='lat' dir='ltr'>modo</span> <span class='ocrx_word' id='word_1_224' title='bbox 1583 2230 1682 2257; x_wconf 91' lang='lat' dir='ltr'>mu·-</span> 
     </span>
     <span class='ocr_line' id='line_1_33' title="bbox 127 2286 1681 2344; baseline 0 -15"><span class='ocrx_word' id='word_1_225' title='bbox 127 2293 243 2341; x_wconf 80' lang='lat' dir='ltr'>tato‚</span> <span class='ocrx_word' id='word_1_226' title='bbox 279 2287 447 2329; x_wconf 88' lang='lat' dir='ltr'>dierum</span> <span class='ocrx_word' id='word_1_227' title='bbox 477 2288 673 2329; x_wconf 91' lang='lat' dir='ltr'>ordinem</span> <span class='ocrx_word' id='word_1_228' title='bbox 703 2286 988 2343; x_wconf 82' lang='lat' dir='ltr'>principalem</span> <span class='ocrx_word' id='word_1_229' title='bbox 1024 2286 1065 2344; x_wconf 58' lang='grc' dir='ltr'>ζ</span> <span class='ocrx_word' id='word_1_230' title='bbox 1095 2288 1148 2342; x_wconf 59' lang='lat'>(3¹</span> <span class='ocrx_word' id='word_1_231' title='bbox 1182 2286 1216 2343; x_wconf 68' lang='lat'>{2}</span> <span class='ocrx_word' id='word_1_232' title='bbox 1251 2286 1300 2343; x_wconf 64' lang='lat' dir='ltr'>Z.</span> <span class='ocrx_word' id='word_1_233' title='bbox 1332 2286 1371 2342; x_wconf 80' lang='grc' dir='ltr'>ῼ</span> <span class='ocrx_word' id='word_1_234' title='bbox 1404 2286 1449 2343; x_wconf 61' lang='lat' dir='ltr'>b</span> <span class='ocrx_word' id='word_1_235' title='bbox 1476 2287 1534 2343; x_wconf 71' lang='grc' dir='ltr'>Θ</span> <span class='ocrx_word' id='word_1_236' title='bbox 1563 2288 1681 2343; x_wconf 87' lang='lat' dir='ltr'>apud</span> 
     </span>
     <span class='ocr_line' id='line_1_34' title="bbox 130 2358 1680 2415; baseline 0 -14"><span class='ocrx_word' id='word_1_237' title='bbox 130 2358 364 2401; x_wconf 85' lang='lat' dir='ltr'>Aramaeos</span> <span class='ocrx_word' id='word_1_238' title='bbox 396 2358 572 2414; x_wconf 91' lang='lat' dir='ltr'>quidem</span> <span class='ocrx_word' id='word_1_239' title='bbox 603 2366 646 2400; x_wconf 91' lang='lat' dir='ltr'>et</span> <span class='ocrx_word' id='word_1_240' title='bbox 665 2359 907 2401; x_wconf 89' lang='lat' dir='ltr'>Phoenices</span> <span class='ocrx_word' id='word_1_241' title='bbox 934 2360 991 2414; x_wconf 87' lang='lat' dir='ltr'>(et</span> <span class='ocrx_word' id='word_1_242' title='bbox 1011 2360 1163 2401; x_wconf 87' lang='lat' dir='ltr'>Persas</span> <span class='ocrx_word' id='word_1_243' title='bbox 1175 2360 1225 2413; x_wconf 66' lang='lat'>&#39;?)‚</span> <span class='ocrx_word' id='word_1_244' title='bbox 1263 2358 1338 2413; x_wconf 93' lang='lat' dir='ltr'>qui</span> <span class='ocrx_word' id='word_1_245' title='bbox 1369 2373 1468 2400; x_wconf 92' lang='lat' dir='ltr'>eum</span> <span class='ocrx_word' id='word_1_246' title='bbox 1489 2374 1514 2400; x_wconf 88' lang='lat' dir='ltr'>a</span> <span class='ocrx_word' id='word_1_247' title='bbox 1534 2361 1680 2415; x_wconf 87' lang='lat' dir='ltr'>Baby-</span> 
     </span>
     <span class='ocr_line' id='line_1_35' title="bbox 120 2429 1679 2487; baseline 0 -15"><span class='ocrx_word' id='word_1_248' title='bbox 120 2429 259 2472; x_wconf 82' lang='lat' dir='ltr'>&#39;loniis</span> <span class='ocrx_word' id='word_1_249' title='bbox 289 2430 555 2486; x_wconf 84' lang='lat' dir='ltr'>acceperint,</span> <span class='ocrx_word' id='word_1_250' title='bbox 599 2437 817 2473; x_wconf 87' lang='lat' dir='ltr'>retentum</span> <span class='ocrx_word' id='word_1_251' title='bbox 847 2445 961 2484; x_wconf 78' lang='lat' dir='ltr'>esse,</span> <span class='ocrx_word' id='word_1_252' title='bbox 997 2431 1263 2487; x_wconf 83' lang='lat' dir='ltr'>Babylonios</span> <span class='ocrx_word' id='word_1_253' title='bbox 1293 2437 1440 2472; x_wconf 90' lang='lat' dir='ltr'>autem</span> <span class='ocrx_word' id='word_1_254' title='bbox 1463 2430 1557 2486; x_wconf 89' lang='lat' dir='ltr'>jam</span> <span class='ocrx_word' id='word_1_255' title='bbox 1588 2431 1679 2473; x_wconf 88' lang='lat' dir='ltr'>solo</span> 
     </span>
     <span class='ocr_line' id='line_1_36' title="bbox 126 2502 1679 2558; baseline 0.001 -14"><span class='ocrx_word' id='word_1_256' title='bbox 126 2509 296 2545; x_wconf 77' lang='lat' dir='ltr'>mutato</span> <span class='ocrx_word' id='word_1_257' title='bbox 324 2502 516 2545; x_wconf 85' lang='lat' dir='ltr'>voluisse</span> <span class='ocrx_word' id='word_1_258' title='bbox 546 2502 624 2544; x_wconf 87' lang='lat' dir='ltr'>uti.</span> <span class='ocrx_word' id='word_1_259' title='bbox 690 2502 777 2546; x_wconf 85' lang='lat' dir='ltr'>Qui</span> <span class='ocrx_word' id='word_1_260' title='bbox 818 2502 998 2544; x_wconf 83' lang='lat' dir='ltr'>fortasse</span> <span class='ocrx_word' id='word_1_261' title='bbox 1037 2502 1136 2545; x_wconf 90' lang='lat' dir='ltr'>ideo</span> <span class='ocrx_word' id='word_1_262' title='bbox 1173 2518 1265 2544; x_wconf 93' lang='lat' dir='ltr'>non</span> <span class='ocrx_word' id='word_1_263' title='bbox 1304 2503 1510 2545; x_wconf 88' lang='lat' dir='ltr'>fortuitus</span> <span class='ocrx_word' id='word_1_264' title='bbox 1551 2509 1679 2558; x_wconf 86' lang='lat' dir='ltr'>atque</span> 
     </span>
     <span class='ocr_line' id='line_1_37' title="bbox 128 2574 1681 2631; baseline 0.001 -15"><span class='ocrx_word' id='word_1_265' title='bbox 128 2580 289 2616; x_wconf 84' lang='lat' dir='ltr'>temere</span> <span class='ocrx_word' id='word_1_266' title='bbox 327 2574 468 2616; x_wconf 82' lang='lat' dir='ltr'>factus</span> <span class='ocrx_word' id='word_1_267' title='bbox 509 2574 756 2626; x_wconf 84' lang='lat' dir='ltr'>videbatur,</span> <span class='ocrx_word' id='word_1_268' title='bbox 805 2575 920 2628; x_wconf 93' lang='lat' dir='ltr'>quod</span> <span class='ocrx_word' id='word_1_269' title='bbox 960 2574 1005 2616; x_wconf 92' lang='lat' dir='ltr'>in</span> <span class='ocrx_word' id='word_1_270' title='bbox 1045 2589 1096 2616; x_wconf 89' lang='lat' dir='ltr'>eo</span> <span class='ocrx_word' id='word_1_271' title='bbox 1137 2575 1338 2631; x_wconf 85' lang='lat' dir='ltr'>planetae</span> <span class='ocrx_word' id='word_1_272' title='bbox 1378 2575 1439 2616; x_wconf 87' lang='lat' dir='ltr'>ita</span> <span class='ocrx_word' id='word_1_273' title='bbox 1480 2574 1681 2631; x_wconf 87' lang='lat' dir='ltr'>dispositi</span> 
     </span>
     <span class='ocr_line' id='line_1_38' title="bbox 128 2645 1539 2702; baseline 0 -15"><span class='ocrx_word' id='word_1_274' title='bbox 128 2653 299 2700; x_wconf 87' lang='lat' dir='ltr'>essent,</span> <span class='ocrx_word' id='word_1_275' title='bbox 332 2653 463 2702; x_wconf 87' lang='lat' dir='ltr'>prout</span> <span class='ocrx_word' id='word_1_276' title='bbox 492 2645 794 2702; x_wconf 87' lang='lat' dir='ltr'>magnitudine</span> <span class='ocrx_word' id='word_1_277' title='bbox 825 2653 930 2688; x_wconf 84' lang='lat' dir='ltr'>tunc</span> <span class='ocrx_word' id='word_1_278' title='bbox 961 2646 1323 2689; x_wconf 84' lang='lat' dir='ltr'>existimabantur</span> <span class='ocrx_word' id='word_1_279' title='bbox 1354 2646 1539 2688; x_wconf 87' lang='lat' dir='ltr'>differre.</span> 
     </span>
    </p>
   </div>
   <div class='ocr_carea' id='block_1_11' title="bbox 132 2738 406 2746">
    <p class='ocr_par' dir='ltr' id='par_1_11' title="bbox 132 2738 406 2746">
     <span class='ocr_line' id='line_1_39' title="bbox 132 2738 406 2746; baseline 0 470"><span class='ocrx_word' id='word_1_280' title='bbox 132 2738 406 2746; x_wconf 95' lang='lat' dir='ltr'> </span> 
     </span>
    </p>
   </div>
   <div class='ocr_carea' id='block_1_12' title="bbox 225 2781 1676 2887">
    <p class='ocr_par' dir='ltr' id='par_1_12' title="bbox 225 2781 1676 2887">
     <span class='ocr_line' id='line_1_40' title="bbox 225 2781 1676 2830; baseline 0.001 -12"><span class='ocrx_word' id='word_1_281' title='bbox 225 2785 253 2823; x_wconf 80' lang='lat'>1)</span> <span class='ocrx_word' id='word_1_282' title='bbox 275 2781 330 2818; x_wconf 83' lang='lat' dir='ltr'>Of.</span> <span class='ocrx_word' id='word_1_283' title='bbox 347 2783 386 2818; x_wconf 90' lang='lat' dir='ltr'>H</span> <span class='ocrx_word' id='word_1_284' title='bbox 398 2783 434 2818; x_wconf 83' lang='lat' dir='ltr'>R</span> <span class='ocrx_word' id='word_1_285' title='bbox 450 2785 506 2827; x_wconf 84' lang='lat'>48,</span> <span class='ocrx_word' id='word_1_286' title='bbox 524 2785 659 2818; x_wconf 83' lang='lat'>28—39</span> <span class='ocrx_word' id='word_1_287' title='bbox 673 2796 702 2818; x_wconf 86' lang='lat' dir='ltr'>a.</span> <span class='ocrx_word' id='word_1_288' title='bbox 716 2784 751 2819; x_wconf 93' lang='lat' dir='ltr'>b.</span> <span class='ocrx_word' id='word_1_289' title='bbox 775 2782 892 2824; x_wconf 86' lang='lat' dir='ltr'>(Salm.</span> <span class='ocrx_word' id='word_1_290' title='bbox 908 2782 1011 2819; x_wconf 87' lang='lat' dir='ltr'>Obel.</span> <span class='ocrx_word' id='word_1_291' title='bbox 1031 2786 1040 2817; x_wconf 89' lang='lat' dir='ltr'>l</span> <span class='ocrx_word' id='word_1_292' title='bbox 1062 2787 1164 2830; x_wconf 87' lang='lat' dir='ltr'>sqq.).</span> <span class='ocrx_word' id='word_1_293' title='bbox 1191 2783 1298 2819; x_wconf 79' lang='lat' dir='ltr'>Sanh.</span> <span class='ocrx_word' id='word_1_294' title='bbox 1314 2785 1402 2820; x_wconf 83' lang='lat' dir='ltr'>Bav.</span> <span class='ocrx_word' id='word_1_295' title='bbox 1418 2786 1448 2821; x_wconf 87' lang='lat'>1.</span> <span class='ocrx_word' id='word_1_296' title='bbox 1475 2784 1507 2818; x_wconf 94' lang='lat' dir='ltr'><strong>V</strong></span> <span class='ocrx_word' id='word_1_297' title='bbox 1523 2784 1558 2819; x_wconf 84' lang='lat' dir='ltr'><strong>R</strong></span> <span class='ocrx_word' id='word_1_298' title='bbox 1576 2786 1604 2827; x_wconf 88' lang='lat'>1,</span> <span class='ocrx_word' id='word_1_299' title='bbox 1624 2785 1676 2820; x_wconf 91' lang='grc'>14.</span> 
     </span>
     <span class='ocr_line' id='line_1_41' title="bbox 1356 2854 1400 2887; baseline 0 -12"><span class='ocrx_word' id='word_1_300' title='bbox 1356 2854 1400 2887; x_wconf 73' lang='lat'>3*</span> 
     </span>
    </p>
   </div>
  </div>
 </body>
</html>
