1904 3216
357 291 559 333 Ceterum
589 290 689 333 nolo
721 298 875 341 tacere,
910 290 986 332 illa
1007 291 1183 332 sabbata
1203 290 1400 346 septimo,
1437 300 1587 347 quarto
1618 293 1784 336 decimo

241 368 323 404 etc.
357 361 627 418 singulorum
657 361 874 403 mensium
904 361 1058 403 diebus
1081 362 1250 417 agenda
1270 377 1359 405 non
1379 363 1579 406 omnibus
1599 364 1785 420 negotiis

242 432 476 474 obstitisse.
539 433 668 478 Quod
697 432 779 474 hac
808 432 918 474 mihi
947 447 992 475 re
1030 433 1204 475 Videtur
1243 433 1380 476 effici:
1424 449 1478 476 ex
1515 435 1640 477 DXL
1680 449 1785 478 con-

242 510 459 546 tractuum
490 503 648 546 tabulis
670 503 780 545 mihi
799 503 915 545 notis
930 505 957 557 ¹,
985 502 1033 544 in
1055 492 1213 558 quibus
1234 504 1326 547 dies
1355 506 1521 562 negotii
1542 506 1784 563 adscriptus

241 582 321 628 est,
357 575 576 616 confectae
608 582 712 617 sunt
742 575 813 616 die
843 574 1027 617 mensis:

439 665 461 705 I
493 668 560 717 29,
700 664 769 705 IX
805 667 869 715 18,
1003 663 1137 704 XVII
1172 669 1234 716 11,
1412 665 1546 707 XXV
1575 669 1646 717 20,

418 736 465 776 II
496 739 564 788 21,
718 736 765 776 X
797 738 866 787 23,
973 734 1133 777 XVIII
1171 740 1233 788 15,
1390 736 1548 778 XXVI
1579 739 1647 788 20,

391 807 461 848 III
497 810 568 857 18,
697 806 768 847 XI
803 810 868 859 14,
1047 807 1165 847 XIX
1199 811 1236 859 1,
1364 807 1547 849 XXVII
1581 810 1644 859 18,

399 877 465 919 IV
499 882 561 930 19,
676 878 769 919 XII
805 881 868 929 13,
1044 878 1137 918 XX
1170 882 1236 930 32,
1338 879 1546 920 XXVIII
1578 881 1616 930 8,

423 949 464 990 V
496 953 564 1003 21,
649 949 769 990 XIII
801 953 868 1001 23,
1019 949 1135 990 XXI
1167 953 1235 1002 34,
1383 950 1547 991 XXIX
1578 954 1618 1002 6,

395 1021 459 1062 VI
496 1025 561 1072 11,
659 1020 771 1061 XIV
807 1024 870 1072 15,
997 1020 1135 1062 XXII
1168 1024 1235 1073 32,
1407 1021 1547 1063 XXX
1580 1025 1618 1062 5.
1669 1014 1672 1018 ’

371 1092 460 1133 VII
497 1097 561 1143 17,
646 1081 765 1132 'XV
798 1095 865 1143 32,
966 1092 1131 1133 XXIII
1163 1095 1232 1143 22,

351 1163 461 1204 VIII
498 1167 563 1215 14,
652 1163 764 1203 XVI
796 1166 865 1213 27,
972 1163 1131 1204 XXIV
1168 1167 1231 1216 11,

239 1251 383 1292 Unam
412 1264 568 1292 moneo
594 1251 727 1292 ΧΧΙΟ
758 1249 828 1292 die
858 1250 977 1292 Eluli
1007 1251 1197 1305 alterius,
1235 1266 1362 1305 quem
1393 1252 1623 1294 sabbatum
1649 1250 1785 1294 fuisse

238 1321 361 1364 nullo
390 1328 514 1377 pacto
545 1322 593 1363 in
623 1321 806 1364 dubium
836 1321 979 1364 Vocari
1008 1329 1165 1378 potest,
1200 1337 1292 1365 esse
1323 1323 1542 1379 scriptam.

352 1410 642 1452 Sabbatorum
672 1410 720 1451 in
752 1425 801 1452 ea
830 1425 875 1452 re
895 1410 1108 1453 rationem
1128 1410 1295 1452 nullam
1317 1425 1408 1453 esse
1429 1410 1623 1453 habitam
1642 1410 1779 1454 Vides.

236 1482 307 1524 Ad
338 1481 454 1523 diem
483 1488 631 1524 autem
658 1483 785 1534 XIX,
823 1481 898 1536 qui
929 1489 972 1524 et
1002 1481 1093 1537 ipse
1124 1482 1171 1523 in
1201 1481 1323 1524 fastis
1354 1482 1584 1536 (nescimus
1615 1497 1700 1538 qua
1730 1483 1783 1526 de

237 1552 378 1607 causa)
415 1553 566 1594 eodem
596 1552 773 1595 nomine
804 1559 847 1594 et
868 1552 1113 1595 interdictis
1134 1552 1222 1595 diei
1246 1553 1457 1608 .ζιαῖ..9ᾶῑ.
1483 1553 1679 1609 signatus
1701 1560 1778 1608 est,

238 1639 329 1666 una
343 1630 515 1666 tantum
531 1638 585 1666 ex
600 1623 687 1666 illis
708 1623 868 1666 tabulis
888 1624 1092 1679 pertinet,
1113 1631 1157 1666 et
1170 1638 1308 1679 paene
1329 1624 1601 1677 crediderim,
1621 1639 1783 1668 errasse

238 1695 479 1751 Georgium
516 1695 695 1737 Smith
734 1695 781 1736 in
821 1695 896 1737 illo
937 1695 1008 1737 die
1047 1695 1247 1750 legendo.
1322 1697 1533 1752 Apparet,
1584 1695 1667 1738 hoc
1712 1696 1783 1738 die

236 1766 383 1808 feriari
411 1766 509 1822 lege
539 1766 678 1808 multo
708 1766 921 1808 severiore
951 1766 1086 1807 fuisse
1106 1765 1379 1821 imperatum,
1414 1781 1523 1821 quae
1549 1780 1617 1808 res
1649 1781 1784 1822 quum

236 1852 312 1893 per
351 1852 396 1879 se
437 1838 673 1880 admodum
702 1837 908 1880 notabilis
952 1844 1029 1893 est,
1063 1844 1158 1879 tum
1188 1838 1326 1891 docet,
1362 1837 1478 1880 diem
1507 1837 1783 1897 undevicesi-

236 1923 358 1950 mum
387 1910 441 1951 ab
472 1909 624 1951 ordine
654 1916 839 1964 quatuor
875 1909 1050 1951 illorum
1080 1909 1272 1952 dierum:
1315 1906 1429 1961 VIR,
1464 1908 1602 1962 XIVi,
1635 1906 1778 1963 XXP,

237 1978 471 2033 XXVIIP,
506 1995 596 2022 non
625 1980 720 2022 sine
745 1980 842 2035 jure
873 1995 897 2022 a
927 1980 1053 2023 nobis
1085 1988 1329 2036 separatum
1361 1995 1469 2023 esse.

351 2065 418 2105 De
464 2063 719 2105 commercio
759 2063 1100 2119 Babyloniorum
1149 2063 1375 2119 quaerenti
1419 2070 1639 2119 praeterea
1692 2077 1782 2106 non

235 2134 561 2190 neglegendum
592 2134 693 2187 erit,
728 2142 890 2190 quanta
905 2135 977 2195 ⁴sit
1006 2135 1201 2191 paucitas
1231 2134 1478 2177 tabularum
1509 2133 1646 2176 tribus
1675 2133 1783 2190 ulti·
1844 2128 1854 2137 '

235 2205 320 2247 mis
378 2206 539 2248 mensis
598 2206 751 2248 diebus
802 2206 1102 2259 effectarum2,
1157 2207 1234 2249 sed
1281 2206 1363 2248 hoc
1411 2205 1466 2247 ad
1513 2205 1781 2261 propositum

236 2283 433 2318 nostrum
462 2277 608 2319 minus
638 2278 842 2332 pertinet.

330 2449 361 2490 1)
388 2447 446 2482 III
464 2447 500 2482 R
517 2450 668 2490 46—50‚
696 2447 740 2484 cf.
761 2447 922 2491 Smith,
952 2448 1010 2483 the
1026 2448 1203 2495 Assyrian
1220 2458 1513 2495 eponym-canon,
1540 2458 1623 2494 pag.
1642 2448 1686 2482 83
1706 2458 1779 2493 sq.;

235 2505 485 2540 Boscawen
525 2505 563 2540 in
603 2505 856 2541 Transactions
894 2508 941 2553 os
975 2506 1032 2541 the
1070 2506 1145 2541 Soc.
1186 2507 1232 2553 of
1254 2505 1415 2542 Biblioal
1439 2505 1550 2541 ΑνοΙι.
1578 2503 1632 2539 VI
1662 2505 1778 2547 (1878)

236 2572 318 2607 pag.
335 2563 483 2596 47—77.

329 2631 361 2673 2)
390 2629 612 2666 Tabularum
635 2629 815 2666 mensium
840 2630 1068 2676 singulorum
1091 2630 1232 2667 numeri
1256 2635 1341 2667 sunt
1364 2629 1422 2665 hi:
1459 2630 1576 2666 Nisan
1601 2632 1655 2672 53,
1689 2629 1783 2676 IjJ'ar

238 2689 295 2728 62,
324 2686 434 2723 Sivan
458 2688 513 2728 41,
542 2686 712 2722 Tammuz
738 2688 791 2727 31,
820 2688 880 2723 Ab
904 2689 960 2729 41,
988 2687 1077 2723 Elul
1101 2690 1155 2731 58,
1184 2686 1272 2723 Elul
1286 2687 1326 2722 II
1353 2689 1405 2730 10,
1434 2685 1578 2723 Tischri
1595 2689 1652 2730 40,
1678 2687 1782 2723 Mar-

236 2743 394 2779 chesvan
419 2746 472 2786 29,
502 2744 634 2780 Kislev
654 2746 707 2787 19,
734 2744 847 2780 Tebet
862 2747 918 2788 31,
947 2744 1104 2781 Schebat
1119 2748 1175 2788 47,
1202 2744 1303 2781 Adar
1319 2746 1375 2788 48,
1403 2743 1546 2780 Veadar
1561 2745 1616 2779 21.
1659 2742 1782 2782 Quum

237 2800 473 2837 undevicenis
497 2801 602 2837 annis
627 2807 763 2848 septem
779 2813 920 2838 menses
937 2801 1177 2838 intercalandi
1195 2801 1342 2844 fuerint,
1362 2802 1516 2837 fortasse
1532 2805 1608 2837 tres
1623 2799 1713 2836 Elul
1727 2799 1779 2844 H,
