1904 3216
760 197 1048 239 ..89-

129 313 350 358 sententia
378 313 533 356 ceteris
562 312 734 369 legibus
764 311 1002 354 sabbaticis·
1022 310 1297 368 jehovisticis
1327 317 1371 352 et
1400 309 1536 352 altera
1565 316 1687 364 parte

128 385 238 444 legis
268 386 514 428 sabbaticae
545 383 925 428 deuteronomicae
955 385 1172 440 probetur,
1208 382 1360 432 latiore
1392 381 1687 438 disputatione

128 472 231 500 mox
266 457 540 500 instituenda
580 471 688 513 opus
726 462 813 509 est,
861 455 971 511 legis
1016 462 1163 498 autem
1202 454 1449 498 sabbaticae
1488 452 1687 509 decalogi

126 529 314 585 priorem
342 537 522 586 partem,
560 543 670 584 quae
700 528 841 571 Exodi
873 534 916 570 et
946 527 1280 570 Deuteronomii
1320 524 1564 569 communis
1602 532 1682 577 est,

126 600 260 644 aliam
284 600 536 657 significare
566 601 646 643 otii
676 599 889 642 sabbatici
918 600 1145 652 rationem,
1181 598 1311 641 facile
1343 606 1409 641 est
1438 596 1683 640 intellectu.

126 675 242 718 Nam
272 673 310 716 si
338 673 567 715 sabbatum
598 679 712 715 esset
741 673 796 714 ob
836 686 932 714 eam
970 686 1062 714 rem
1103 671 1239 714 solam
1279 671 1592 723 constitutum,
1635 675 1683 711 ut

126 746 264 789 servis
304 751 348 788 et
379 743 596 799 jumentis
634 743 936 799 requiescendi
979 743 1162 786 facultas
1204 743 1399 795 daretur,
1445 757 1536 784 non
1575 747 1688 784 esset

126 832 258 860 causa
272 850 282 870 ,
327 830 404 859 cur
441 816 534 859 dies
569 817 598 858 J
600 816 763 859 ehovae
799 828 921 858 sacer
949 814 1184 857 haberetur
1214 822 1259 857 et
1286 822 1514 871 putaretur
1541 813 1689 870 profa-

127 889 225 932 nari
253 888 403 931 labore
433 902 598 941 eorum,
634 887 710 943 qui
748 901 1012 942 unoquoque
1053 886 1126 929 die
1164 886 1357 942 quietem
1396 886 1686 929 necessariam

125 960 329 1018 capiendi
357 967 618 1016 potestatem
646 960 882 1002 haberent:
918 959 1151 1015 decalogus
1182 973 1283 1001 vero
1307 957 1436 1014 jubet
1455 958 1687 1000 sabbatum

124 1039 274 1075 sancte
305 1031 378 1089 agi
409 1039 454 1074 et
481 1046 574 1075 non
603 1046 749 1075 servos
779 1040 824 1074 et
848 1031 1050 1087 jumenta
1081 1031 1234 1084 solum,
1271 1030 1349 1072 sed
1378 1029 1513 1072 etiam
1544 1029 1686 1071 domi-

125 1119 234 1147 num
263 1103 510 1160 liberosque
541 1104 635 1160 ejus
666 1103 807 1147 otiari.
871 1103 944 1146 Illi
974 1103 1174 1160 opinioni
1203 1102 1336 1145 etiam
1365 1102 1449 1144 hoc
1483 1102 1686 1143 adversa-

124 1185 209 1229 tur,
245 1177 363 1232 quod
391 1176 464 1219 lex
493 1176 715 1219 sabbatica
744 1175 862 1218 inter
891 1190 962 1218 eas
994 1175 1203 1218 collocata
1233 1182 1311 1229 est,
1347 1189 1458 1229 quae
1488 1180 1687 1229 spectant

124 1250 181 1291 ad
212 1248 357 1291 officia
387 1263 490 1305 erga
517 1249 679 1291 Deum.
742 1248 857 1290 Nam
887 1247 924 1290 si
953 1249 1184 1290 sabbatum
1214 1246 1447 1302 praecipue
1468 1245 1688 1302 operario-

124 1336 223 1364 nun
253 1328 299 1363 et
322 1320 625 1376 jumentorum
654 1319 838 1362 utilitati
869 1320 1137 1363 destinatum
1178 1325 1314 1372 esset,
1357 1318 1430 1360 lex
1466 1317 1687 1360 sabbatica

123 1394 268 1437 sinere
308 1392 529 1448 quiescere
576 1391 722 1448 potius
772 1406 903 1446 quam
947 1391 1074 1434 otiari
1118 1390 1339 1447 imperans
1386 1390 1510 1432 nullo
1559 1396 1686 1445 pacto

125 1466 270 1526 legem
307 1463 519 1520 pietatem
559 1478 663 1520 erga
701 1471 904 1520 parentes
944 1463 1176 1519 jubentem
1219 1470 1365 1519 posset
1410 1462 1682 1505 antecedere.

122 1538 249 1580 Haec
291 1535 411 1592 prior
457 1535 568 1592 legis
606 1550 726 1591 pars,
774 1536 900 1592 cujus
944 1537 1075 1578 verba
1110 1535 1251 1591 prima
1290 1542 1355 1577 n&
1403 1528 1544 1589 (ἾἾὉὉΞΙ)
1591 1540 1684 1575 ἾἾΞτ

125 1603 266 1666 ἾῡἾΡΒ
296 1604 431 1652 ἣὲύῆ
460 1614 532 1650 m*
563 1614 669 1650 sunt
698 1607 810 1664 legis
841 1615 987 1664 caput,
1023 1608 1150 1651 docet
1181 1608 1412 1650 sabbatum
1443 1620 1536 1648 esse
1567 1604 1685 1647 diem

123 1695 294 1724 sacmm
322 1687 501 1737 propter
528 1680 740 1736 pietatem
760 1681 856 1723 Deo
887 1679 1081 1723 debitam
1101 1679 1191 1723 otio
1214 1679 1538 1731 celebrandum,
1567 1677 1684 1732 quod

123 1754 382 1805 „sabbatum
410 1752 438 1793 J
440 1751 630 1794 ehovae“
662 1752 735 1794 sit.

237 1823 361 1866 Huic
389 1823 504 1880 parti
535 1823 644 1879 legis
674 1824 858 1880 scriptor
882 1824 1217 1867 Deuteronomii
1246 1823 1409 1880 adjecit
1437 1823 1591 1865 verba:
1626 1829 1687 1864 ut

124 1896 456 1952 requiescat
485 1910 681 1938 servus
711 1903 838 1938 tuus
870 1904 922 1938 et
952 1896 1157 1938 ancilla
1186 1904 1279 1939 tua
1308 1896 1453 1939 sicut
1492 1902 1564 1937 tu.
1627 1895 1686 1936 Et

122 1977 243 2022 sunt,
278 1968 355 2024 qui
385 1982 439 2010 ex
474 1967 530 2010 iis
565 1969 624 2023 (et
657 1979 717 2010 *ex
750 1968 848 2024 lege
887 1968 1110 2011 sabbatica
1146 1968 1250 2011 libri
1288 1966 1498 2021 foederis,
1540 1967 1680 2009 Exod.

122 2046 193 2095 23,
223 2040 288 2096 12)
323 2039 603 2094 concludant,
645 2041 859 2083 creditum
889 2054 982 2083 esse
1013 2041 1160 2083 Deum
1197 2042 1379 2083 sabbata
1419 2039 1681 2093 instituisse,

122 2104 175 2156 ut
203 2112 319 2156 servi
350 2120 395 2155 et
418 2112 622 2169 jumenta
649 2113 865 2156 haberent
893 2113 1104 2168 requietis
1143 2112 1412 2156 facultatem.
1484 2114 1545 2155 At
1579 2111 1684 2154 satis

121 2185 302 2229 evidens
333 2201 427 2231 esse
458 2187 672 2237 existimo,
711 2185 974 2228 sententiam
1005 2186 1237 2227 verborum
1258 2185 1434 2228 illorum
1453 2199 1544 2227 non
1565 2199 1680 2226 esse:

121 2257 263 2300 otium
292 2259 567 2302 sabbaticum
595 2258 863 2316 praescribo,
908 2264 959 2299 ut
997 2257 1111 2300 servi
1152 2257 1219 2299 tui
1248 2259 1429 2300 sabbato
1461 2256 1684 2312 quiescere

121 2331 305 2386 possint,
340 2331 455 2374 sicut
485 2339 548 2385 tu,
585 2331 777 2384 domine,
813 2330 967 2372 diebus
999 2330 1203 2372 omnibus
1240 2329 1442 2385 quiescis.
1507 2329 1685 2371 Etenim

123 2416 261 2458 quum
291 2404 421 2446 modo
453 2403 620 2446 domini
654 2403 769 2459 jussi
804 2402 896 2444 sint
933 2402 1080 2445 senis
1118 2402 1311 2444 diebus
1351 2401 1600 2444 laborare
1641 2407 1685 2442 et

123 2474 329 2532 deinceps
350 2475 538 2532 septimo
558 2475 702 2529 otiari,
727 2476 859 2517 verba
875 2473 1145 2530 (requiescat)
1174 2474 1346 2526 „sicut
1367 2478 1451 2516 ιιι(6
1472 2489 1564 2516 non
1583 2487 1685 2528 pos-

122 2554 228 2589 sunt
257 2547 346 2590 nisi
375 2548 431 2590 ad
460 2547 803 2590 sabbaticum
833 2545 1111 2590 dominorum
1141 2546 1283 2590 otium
1320 2553 1529 2602 spectare.
1593 2547 1685 2588 Im·

123 2626 303 2674 petatur
331 2619 478 2676 igitur,
514 2628 566 2663 ut
596 2619 814 2671 dominus,
842 2618 957 2661 sicut
977 2620 1072 2675 ipse
1094 2620 1275 2662 sabbato
1303 2618 1503 2673 quiescit,
1538 2631 1684 2660 servos

123 2705 298 2746 quoque
329 2691 447 2735 sinat
483 2692 724 2747 quiescere,
774 2698 818 2733 et
855 2693 1010 2746 verba,
1052 2692 1106 2733 de
1147 2690 1307 2746 quibus
1347 2689 1584 2746 quaeritur,
1629 2690 1684 2732 ad

121 2762 235 2806 illud
264 2770 438 2807 tantum
467 2765 712 2820 pertinent:
750 2771 822 2816 „et
850 2778 998 2807 servus
1029 2770 1132 2806 tuus
1164 2771 1208 2805 et
1237 2762 1398 2805 ancilla
1426 2769 1503 2804 tua
1533 2769 1577 2804 et
1605 2763 1684 2804 bos

120 2840 250 2879 tuus⁶⁴
273 2843 356 2879 etc.
411 2836 557 2879 Etiam
586 2837 730 2892 legem
750 2834 1017 2878 sabbaticam
1037 2835 1169 2878 libri
1199 2835 1438 2877 foederis
1458 2848 1684 2891 perperam
