1904 3216
834 191 1144 230 -100-

212 304 368 345 Exodo
396 301 640 358 propositus
671 301 863 353 exhibet,
897 300 1248 355 antiquissimam
1278 301 1364 343 dici
1395 309 1438 343 et
1468 317 1562 344 eam
1575 336 1584 355 .-
1627 317 1756 357 quam

219 375 335 417 idem
374 374 573 430 perhibet
587 405 595 425 ,
641 372 719 413 otii
759 371 968 414 sabbatici
1007 386 1180 414 causam
1221 386 1270 413 ac
1306 372 1518 415 rationem
1548 373 1755 416 Israelitis

219 445 459 500 antiquitus
490 444 624 485 fuisse
654 450 818 485 notam.
870 443 1201 485 Deuteronomii
1231 442 1412 497 scriptor
1439 443 1552 487 hanc
1581 444 1757 500 quidem

221 516 378 567 omisit7
415 515 490 556 sed
522 529 583 566 ea,
622 528 750 568 quam
780 514 828 555 in
857 514 1002 557 locum
1031 514 1124 569 ejus
1145 513 1373 556 substituit
1401 540 1458 545 —
1485 515 1604 558 haud
1623 515 1756 558 dubie

218 595 443 643 propterea
474 586 589 639 quod
626 585 766 640 aptior
789 592 790 595 ’
802 593 914 628 esset
953 586 1008 627 ad
1045 600 1266 627 servorum
1303 586 1499 640 requiem
1538 601 1757 629 commen-

218 659 405 700 dandam
451 682 508 688 -—-
547 671 694 712 parem
735 657 903 699 sabbati
949 664 1148 698 naturam
1194 657 1334 699 docet.
1403 658 1594 712 Utraque
1639 657 1758 699 enim

218 729 436 784 significat
466 729 693 770 sabbatum
725 728 842 770 diem
871 729 898 770 J
900 728 1061 770 ehovae
1092 743 1260 771 sacrum
1297 742 1391 771 esse
1422 736 1464 771 et
1493 729 1632 771 otium
1660 729 1760 771 sab-

217 800 409 842 baticum
439 800 583 841 Deum
622 798 856 854 imperasse
894 815 983 842 non
1021 800 1066 842 id
1104 799 1335 856 praecipue
1376 807 1642 856 spectantem
1654 833 1663 851 ‚
1709 806 1759 841 ut

218 871 452 913 utilitatem
482 871 672 925 aliquam
702 871 816 913 vitae
846 871 1074 913 hominum
1104 872 1284 924 afferret,
1321 873 1396 914 sed
1426 880 1475 914 ut
1500 885 1759 915 monumen-

219 950 312 984 tum
353 948 465 984 esset
503 942 567 983 rei
608 942 782 984 divinae
798 958 805 982 :
850 943 940 985 sive
970 968 1027 974 —
1058 943 1172 997 quod
1209 943 1599 986 Deuteronomium
1635 957 1760 999 prae-

217 1014 334 1055 dicat
362 1039 419 1044 —
448 1004 717 1055 liberationis
747 1022 919 1069 patrum
949 1030 974 1056 a
1003 1015 1030 1056 J
1032 1014 1168 1056 ehova
1199 1014 1374 1057 effectae
1387 1050 1395 1068 ‚
1441 1015 1531 1057 sive
1559 1039 1616 1046 —
1646 1015 1761 1069 quod

218 1085 394 1127 Exodus
417 1085 542 1127 docet
569 1109 618 1115 —
644 1085 801 1139 quietis
823 1085 921 1137 Dei,
956 1093 1130 1141 propter
1149 1101 1278 1141 quam
1307 1086 1522 1142 principio
1552 1085 1760 1142 septimus

221 1156 313 1198 dies
346 1171 464 1198 sacer
493 1156 633 1198 factus
663 1158 734 1199 sit.
794 1157 936 1199 Simul
965 1157 1042 1199 has
1073 1158 1180 1200 duas
1210 1173 1277 1200 res
1306 1159 1583 1200 sabbatorum
1612 1171 1761 1201 causas
1810 1154 1812 1156 ¹

220 1242 310 1270 esse
331 1227 516 1280 habitas,
541 1235 591 1270 ut
613 1242 742 1283 supra
763 1228 966 1281 vidimus,
1002 1228 1206 1271 credibile
1222 1236 1302 1271 est.
1354 1231 1581 1272 Praeterea
1610 1230 1761 1271 ambae

220 1298 414 1354 decalogi
444 1298 608 1341 formae
638 1299 686 1340 in
707 1314 757 1342 eo
779 1301 1073 1353 consentiunt,
1110 1301 1225 1355 quod
1243 1301 1468 1355 utriusque
1488 1301 1597 1343 ratio
1618 1301 1756 1353 docet,

218 1371 364 1412 Deum
393 1384 483 1412 non
522 1371 646 1424 quasi
686 1371 914 1414 ambitiose
952 1371 1278 1428 praescripsisse
1317 1372 1455 1414 otium
1494 1371 1763 1414 sabbaticum

219 1449 440 1495 tamquam
477 1456 568 1483 rem
607 1442 832 1484 molestam
874 1450 916 1485 et
955 1458 1032 1499 per
1070 1457 1116 1485 se
1155 1443 1356 1485 inutilem
1373 1477 1381 1496 7
1425 1458 1509 1498 quo
1548 1442 1762 1485 voluntati

220 1512 358 1567 ipsius
399 1527 452 1554 ex
491 1528 607 1555 mera
638 1513 822 1555 libidine
852 1515 1069 1569 profectae
1099 1515 1443 1570 morigeraretur‚
1488 1515 1564 1556 sed
1592 1522 1643 1556 ut
1671 1528 1762 1556 rem

212 1583 454 1639 jucundam
485 1591 529 1625 et
558 1584 847 1637 utilissimam,
885 1586 1007 1641 cujus
1039 1585 1269 1628 dulcedine
1297 1586 1504 1628 memoria
1525 1592 1764 1627 servaretur

218 1655 305 1696 Dei
333 1655 531 1711 benigni.
596 1656 723 1698 Sacer
754 1656 886 1698 simul
923 1664 967 1698 et
996 1657 1135 1699 laetus
1174 1657 1265 1698 dies
1302 1656 1470 1698 sabbati
1511 1656 1764 1698 existiman-

219 1727 300 1768 dus
342 1733 405 1768 est
418 1759 426 1778 ‚
482 1733 798 1781 utramcunque
839 1727 1033 1783 decalogi
1074 1728 1255 1770 formam
1305 1735 1473 1783 spectas
1487 1760 1495 1779 ‚
1548 1734 1591 1769 et
1626 1727 1764 1769 otium

219 1798 491 1839 sabbaticum
521 1797 716 1840 officium
746 1798 878 1840 simul
909 1806 973 1841 est
1003 1807 1047 1841 et
1075 1800 1334 1841 beneficium
1342 1832 1351 1841 .

336 1870 565 1911 Praeterea
605 1868 651 1910 in
699 1868 809 1914 ..lib
820 1884 842 1910 r
853 1884 877 1911 0
919 1885 938 1912 s
949 1885 974 1911 a
984 1885 1015 1911 n
1027 1886 1049 1913 c
1062 1878 1078 1912 t
1089 1871 1103 1912 i
1114 1878 1131 1912 t
1142 1886 1166 1912 a
1177 1870 1250 1913 tis
1265 1875 1285 1894 ‘·‘
1300 1904 1308 1923 ‚
1359 1870 1435 1925 qui
1472 1868 1764 1925 compluribus

220 1940 328 1981 locis
359 1941 536 1982 sabbato
568 1940 694 1982 otiari
719 1940 847 1996 jubet
862 1974 870 1993 ,
920 1956 1047 1983 causa
1087 1942 1125 1997 ej
1131 1957 1180 1984 us
1219 1940 1438 1997 praecepti
1477 1940 1761 1997 significatur.

222 2012 359 2066 Leges
390 2012 635 2054 sabbaticae
667 2012 759 2067 ejus
790 2019 893 2054 sunt
921 2012 1024 2054 hae:
1062 2014 1090 2055 S
1103 2014 1164 2054 ab
1176 2015 1204 2055 b
1216 2028 1241 2055 a
1253 2020 1307 2055 ta
1335 2027 1379 2054 m
1391 2026 1414 2054 e
1427 2027 1451 2054 a
1481 2027 1500 2054 s
1513 2026 1636 2055 erva
1648 2019 1701 2054 to
1713 2020 1730 2055 t
1743 2027 1765 2054 e

219 2091 274 2125 et
324 2097 540 2125 sacrum
590 2099 633 2125 m
647 2099 763 2126 eum
812 2083 1161 2126 verebimini.
1231 2085 1348 2137 (LeV.
1387 2088 1450 2137 19,
1490 2088 1555 2125 30.
1601 2087 1668 2136 26,
1702 2086 1762 2134 2).

223 2155 415 2198 Sancti
448 2162 642 2208 estote,
677 2170 795 2196 nam
825 2162 1044 2197 sanctus
1075 2170 1186 2197 sum
1217 2170 1333 2211 ego,
1368 2155 1589 2208 Jehova‚
1623 2155 1766 2196 Deus

222 2234 415 2268 vester.
502 2227 657 2268 Suam
714 2226 940 2281 quisque
998 2234 1218 2269 matrem
1267 2235 1317 2269 et
1366 2235 1568 2283 patrem
1617 2241 1767 2268 suum

224 2305 456 2339 amatote
488 2305 538 2339 et
570 2298 792 2339 sabbata
812 2312 922 2339 mea
943 2306 1231 2340 servatote.
1284 2299 1390 2354 Ego
1411 2312 1520 2340 sum
1541 2297 1741 2340 Jehova
1754 2330 1764 2350 ‚

224 2370 366 2410 Deus
416 2376 614 2411 vester.
674 2368 790 2422 (LeV.
832 2373 896 2421 197
934 2373 972 2410 2.
1009 2369 1069 2424 3).
1148 2371 1211 2412 Et
1260 2377 1316 2412 tu
1369 2369 1445 2411 sic
1494 2368 1768 2430 alloquere

222 2440 379 2482 filios
411 2439 662 2482 Israelis:
706 2440 906 2494 Utique
938 2441 1159 2482 sabbata
1188 2455 1298 2483 mea
1328 2447 1614 2492 servatote‚
1651 2454 1768 2481 nam

221 2512 433 2567 signum
479 2519 559 2554 est
597 2511 742 2552 inter
785 2525 861 2552 me
908 2519 958 2553 et
1003 2526 1092 2553 vos
1137 2512 1401 2567 stirpibus
1447 2511 1663 2563 vestris,
1711 2518 1768 2552 ut

228 2583 434 2624 sciatur
464 2597 564 2635 me,
599 2582 874 2634 Jehovam,
919 2597 1034 2624 esse
1065 2598 1153 2625 vos
1189 2583 1644 2625 sanctificantem.
1706 2583 1770 2624 Et

223 2655 499 2695 sabbatum
551 2660 737 2695 sancte
775 2653 1004 2710 agitote‚
1054 2669 1170 2695 nam
1216 2669 1420 2696 sacrum
1459 2654 1612 2696 vobis
1661 2661 1761 2705 est,

225 2725 314 2779 qui
373 2725 426 2766 id
479 2725 854 2781 profanaverit
911 2725 1156 2775 moritor⁷
1226 2740 1342 2767 nam
1408 2725 1653 2779 quisquis
1711 2739 1769 2766 eo

222 2796 500 2851 negotium
561 2796 754 2852 egerit,
818 2796 862 2837 is
922 2797 1130 2838 animus
1181 2796 1449 2838 exciditor
1499 2811 1559 2839 ex
1607 2804 1766 2852 gente
