1904 3216
873 182 1159 222 ,90-

243 293 539 349 interpretaris
552 326 561 346 ,
608 292 645 333 si
682 298 809 347 putas
824 324 832 342 ,
874 306 969 333 eam
1010 293 1164 334 docere
1209 292 1438 348 praecipue
1485 308 1705 338 servorum
1741 302 1785 338 et

238 365 536 421 jumentorum
568 362 706 418 gratia
726 362 864 404 otium
884 362 1154 405 sabbaticum
1173 364 1486 419 praescriptum
1506 373 1548 408 et
1569 365 1780 420 dominos,

243 451 300 478 ne
331 450 474 478 servos
504 435 699 476 laborare
730 441 901 488 cogant,
936 434 1156 488 quiescere
1180 433 1341 489 juberi.
1394 437 1538 478 Verba
1568 437 1661 492 ejus
1682 444 1785 480 sunt

243 508 370 550 haec:
406 507 470 548 Et
490 519 580 547 sex
601 504 791 546 diebus
812 504 978 547 facito
1000 519 1129 560 opus
1150 513 1317 559 tuum,
1355 507 1583 562 septimo
1609 515 1784 550 autem

244 578 331 620 die
360 577 604 628 feriator,
651 583 709 618 ut
747 577 840 619 bos
878 583 1002 618 tuus
1033 577 1281 631 quiescat
1321 584 1371 620 et
1409 579 1595 621 asinus
1633 586 1778 632 tuus,

245 656 295 691 et
324 655 599 690 recreetur
628 647 786 690 filius
817 647 1055 690 ancillae
1074 655 1196 690 tuae
1219 656 1269 691 et
1288 650 1606 705 peregrinus
1632 651 1782 705 (Exod.

244 725 266 761 2
274 726 312 772 3,
344 725 356 760 1
369 719 406 775 2)
419 753 428 762 .
481 719 698 761 Omnibus
727 719 835 761 haec
853 719 925 761 lex
946 719 1084 771 datur,
1121 719 1270 762 cuncti
1290 720 1511 763 Israelitae
1541 735 1668 764 senos
1687 705 1787 764 tan-.-

243 798 337 833 tum
369 791 460 834 dies
489 791 683 833 laborare
714 791 888 843 debent,
924 790 1107 846 septimo
1149 790 1352 846 deinceps
1392 791 1626 845 quiescere.
1693 792 1787 835 Nec

243 864 326 905 hoc
353 870 496 918 potest
523 863 651 905 modo
683 877 733 904 eo
764 861 947 904 consilio
977 861 1238 917 imperatum
1258 877 1364 912 esse,
1400 869 1450 904 ut
1479 863 1625 916 servis,
1661 878 1786 919 pere·

166 974 169 978 Α
243 934 394 990 grinis,
410 955 412 958 >
422 934 634 989 jumentis
655 933 955 988 requiescendi
975 933 1159 975 facultas
1179 934 1314 986 fieret,
1351 947 1485 987 quum
1505 935 1561 976 ad
1581 949 1676 977 eam
1695 949 1787 977 rem

244 1006 348 1048 satis
378 1006 531 1048 fuisset
560 1004 850 1060 locupletibus
881 1011 924 1046 et
953 1004 1164 1046 divitibus
1193 1004 1462 1060 praecipere,
1507 1012 1558 1048 ut
1594 1006 1787 1049 sinerent

245 1077 428 1133 septimo
460 1090 631 1132 quoque
662 1075 732 1117 die
763 1075 979 1131 operarios
1011 1076 1247 1130 quiescere.
1299 1077 1364 1119 Ac
1393 1076 1586 1131 profecto
1614 1077 1787 1120 nonita

225 1148 372 1198 'multi
416 1148 594 1189 fuerunt
637 1146 824 1199 domini,
876 1147 950 1201 qui
993 1161 1161 1202 semper
1204 1155 1426 1202 tamquam
1467 1148 1583 1191 diem
1626 1148 1786 1192 festum

245 1226 422 1275 agentes
451 1219 578 1261 otiari
606 1226 785 1274 possent
815 1218 1054 1274 („Feiertay
1092 1218 1298 1274 hacteffl).
1368 1219 1511 1262 Etiam
1553 1220 1789 1276 locupletes

245 1298 359 1334 certe
388 1291 644 1346 plerumque
674 1290 929 1332 laborabant
949 1304 1050 1332 cum
1070 1290 1236 1332 familia
1257 1304 1334 1332 sua
1355 1298 1398 1332 et
1418 1305 1519 1332 cum
1539 1305 1590 1333 ea
1610 1292 1788 1335 sabbato

245 1363 586 1405 delectabantur.
649 1362 707 1404 Et
734 1361 864 1403 multi
895 1361 987 1403 sine
1019 1361 1150 1404 dubio
1180 1362 1357 1404 fuerunt
1385 1362 1607 1405 Israelitae
1644 1363 1784 1416 liberi,

245 1434 320 1489 qui
359 1433 536 1476 omnino
577 1440 653 1476 aut
691 1433 878 1475 maxima
925 1448 979 1474 ex
1016 1440 1137 1488 parte
1177 1447 1354 1475 suarum
1394 1448 1605 1475 manuum
1642 1434 1790 1477 labore

245 1506 410 1547 victum
449 1511 717 1560 quaererent.
777 1504 1025 1546 Habuerint
1055 1518 1203 1546 omnes
1233 1504 1445 1559 agricolae
1470 1504 1628 1560 jugum
1656 1506 1788 1547 boum

243 1577 314 1618 vel
342 1576 509 1618 asinos:
543 1590 653 1617 num
682 1576 860 1617 sabbato
890 1575 1057 1616 labores
1087 1574 1171 1629 ipsi
1206 1574 1535 1617 intermiserunt
1567 1575 1789 1630 jumento-

245 1663 343 1690 rum
373 1662 501 1690 causa
531 1647 615 1700 vel,
649 1646 724 1702 qui
752 1646 882 1701 paulo
911 1646 1090 1688 meliore
1120 1646 1370 1688 conditione
1409 1648 1656 1698 utebantur,
1698 1661 1789 1689 ser-—

244 1722 428 1761 vorum'?
485 1718 539 1761 Ei
568 1724 728 1770 autem,
773 1717 847 1771 qui
875 1732 957 1759 nec
997 1731 1141 1758 servos
1175 1731 1257 1758 nec
1290 1716 1490 1771 jumenta
1527 1716 1784 1772 possidebat,

245 1805 354 1832 num
384 1789 574 1832 sabbatis
604 1789 798 1830 laborare
837 1788 988 1830 licuit?
1045 1789 1200 1842 Itaque
1239 1802 1374 1842 quum
1413 1787 1633 1843 legislator
1667 1787 1789 1830 illam

245 1862 354 1918 legis
383 1861 598 1904 rationem
626 1866 853 1916 proponat,
888 1859 935 1901 in
967 1874 1051 1913 qua
1081 1859 1283 1902 universa
1314 1858 1392 1901 otii
1422 1859 1633 1902 sabbatici
1660 1874 1790 1903 causa

244 1949 334 1976 non
364 1933 494 1986 inest,
527 1938 707 1987 apparet
730 1946 836 1973 eum
864 1930 974 1983 loco,
1012 1931 1065 1972 de
1096 1944 1180 1985 quo
1211 1930 1392 1985 agimus,
1428 1930 1571 1986 legem
1598 1931 1790 1974 sabbati-

246 2020 342 2047 cam
380 2019 470 2046 non
509 2003 698 2045 voluisse
739 2004 948 2055 condere,
991 2002 1069 2044 sed
1108 2001 1320 2057 singulari
1358 2002 1539 2044 consilio
1578 2010 1784 2058 repetere.

246 2078 376 2122 Quod
406 2075 637 2118 consilium
666 2074 937 2130 significatur
965 2074 1058 2129 ipsa
1087 2073 1254 2115 ratione
1285 2073 1454 2115 addita:
1488 2073 1542 2115 iis
1570 2072 1644 2115 lex
1671 2087 1790 2116 com·

246 2148 498 2200 mendatur,
548 2146 707 2201 quibus
747 2153 937 2201 potestas
987 2151 1053 2187 est
1096 2144 1334 2199 requietem
1383 2144 1645 2187 sabbaticam
1693 2145 1790 2187 aliis

246 2218 492 2262 recusandi.
554 2218 638 2260 Ille
667 2217 788 2260 locus
817 2232 909 2259 non
940 2216 1141 2258 omnibus
1173 2223 1257 2269 est,
1293 2217 1370 2258 sed
1399 2215 1609 2258 divitibus
1647 2231 1789 2259 servos

247 2298 290 2333 et
313 2290 514 2346 jumenta
542 2288 865 2344 possidentibus
897 2287 1095 2343 scriptuS.
1151 2287 1285 2330 Plane
1309 2301 1409 2329 vero
1431 2287 1663 2342 significat,
1697 2302 1790 2330 esse

244 2362 387 2418 legem
414 2360 715 2413 universalem,
752 2360 884 2402 immo
915 2375 965 2401 ea
994 2359 1041 2400 in
1071 2359 1165 2415 ipso
1195 2358 1325 2411 inest,
1368 2372 1502 2412 quum
1531 2359 1662 2400 verba
1691 2359 1789 2410 „die

249 2433 435 2489 septimo
465 2433 667 2475 feriator“
697 2432 770 2473 hic
809 2430 996 2473 dominis
1036 2437 1206 2472 tantum
1243 2429 1330 2472 dici
1368 2429 1459 2472 sola
1495 2429 1676 2472 rationis
1715 2444 1790 2472 ex-

245 2505 461 2560 positione
491 2503 773 2560 significetur.

362 2576 624 2631 Scriptorem
652 2590 742 2617 non
771 2573 1017 2616 universam
1046 2572 1258 2615 rationem
1288 2572 1367 2615 otii
1405 2571 1615 2615 sabbatici
1652 2572 1789 2628 signi-

248 2650 398 2701 ficare,
441 2647 574 2689 etiam
613 2661 667 2689 ex
703 2646 799 2702 lege
838 2646 892 2686 ab
933 2645 1084 2686 eodem
1126 2644 1284 2687 tradita
1322 2644 1376 2686 de
1416 2657 1531 2685 anno
1569 2643 1788 2686 sabbatico

246 2719 376 2774 plane
407 2717 695 2774 cognoscitur.
759 2717 901 2761 Quam
937 2722 1037 2758 ante
1075 2716 1216 2771 legem
1257 2715 1310 2756 de
1347 2716 1526 2757 sabbato
1563 2715 1710 2770 posuit
1746 2721 1790 2756 et

249 2790 311 2831 ita
351 2789 598 2846 descripsit,
647 2788 771 2843 quasi
808 2803 902 2830 eam
941 2802 1075 2829 unam
1114 2789 1169 2830 ob
1209 2800 1300 2827 rem
1340 2786 1534 2838 daretur,
1589 2793 1639 2828 ut
1679 2799 1788 2840 quae
