1904 3216
974 191 1256 232 —15„„

338 302 419 343 bus
463 309 721 358 nuncupant
750 303 943 357 deorum,
978 319 1161 360 quorum
1192 314 1357 363 septem
1387 306 1585 390 planetae
1614 309 1775 366 proprii
1794 325 1883 357 esse

340 375 618 429 putabantur.

454 447 721 490 Quaerentes
752 453 918 503 autem,
952 449 1070 491 unde
1100 450 1287 492 Romani
1317 450 1638 495 hebdomadum
1675 467 1803 496 usum
1840 462 1883 501 et

341 517 435 568 illa,
480 517 637 573 quibus
676 525 720 561 et
757 521 863 562 nos1
904 526 948 562 et
985 520 1061 563 alii
1074 522 1091 551 ²
1126 521 1277 578 populi
1317 522 1459 565 adhuc
1495 523 1673 579 utimur,
1715 525 1881 570 dierum

338 589 517 631 nomina
566 590 834 646 acceperint,
888 606 941 634 ex
979 591 1102 636 libris
1143 593 1317 636 illorum
1366 601 1608 652 temporum
1657 595 1876 654 discimus,

338 660 568 717 astrologia
597 668 706 704 tum·
723 678 776 706 ex
805 663 971 707 oriente
999 680 1076 721 per
1104 665 1335 722 imperium
1365 668 1614 710 Romanum-
1642 667 1875 726 divulgata,

339 747 474 787 quum
518 733 723 791 astrologi
766 750 833 778 res
877 736 1089 779 humanas
1132 737 1319 794 planetis
1364 739 1590 782 docuerint
1632 741 1876 797 temperari,

339 803 504 846 factum
535 819 639 859 esse,
676 812 726 849 ut
754 814 983 863 septenum
1021 809 1190 851 dierum
1229 809 1412 867 singulis
1450 811 1646 867 singulos
1683 812 1880 869 planetas

338 891 537 932 praeesse
567 877 699 934 vulgo
730 880 988 934 crederetur,
1026 895 1206 936 eamque
1246 895 1337 923 esse
1377 897 1572 937 causam,
1615 897 1692 926 cur
1728 884 1880 941 plane-

338 955 481 990 tarum
510 950 690 992 nomina
721 951 874 994 diebus
896 953 996 995 data
1016 953 1120 995 sint.
1174 954 1276 996 Non
1295 953 1456 996 mirum
1476 954 1626 1011 igitur,
1651 956 1767 1011 quod
1787 956 1879 1000 dies

338 1020 525 1063 Saturno
556 1022 820 1079 adscriptus,
863 1023 986 1079 cujus
1026 1025 1284 1067 creberrima
1323 1033 1388 1068 est
1426 1026 1611 1080 mentio,
1657 1027 1750 1070 dies
1790 1034 1882 1082 ater

336 1092 667 1136 existimabatur
677 1097 707 1149 3,
750 1110 884 1151 quum
916 1096 1092 1138 Saturni
1130 1096 1350 1152 planetam
1389 1097 1594 1154 astrologi
1631 1098 1879 1142 dictitarent

335 1164 506 1207 stellam
537 1180 628 1208 esse
658 1166 975 1223 iniquissimam
987 1170 1018 1209 4.

427 1337 706 1374 Philostrat.
730 1339 807 1375 vita
831 1340 1034 1387 Apollonii,
1062 1341 1122 1376 ΠΙ
1147 1343 1202 1376 41.

426 1395 595 1431 Auson.
623 1395 844 1443 eclogarium
868 1397 924 1433 ed.
952 1398 1036 1445 Bip.
1062 1410 1144 1445 pag.
1165 1400 1252 1433 227:

813 1455 870 1490 De
894 1454 1105 1491 nominibus
1130 1455 1202 1490 V11
1227 1455 1378 1492 dierum.
1582 1490 1586 1493 .

608 1511 780 1554 Nomina,
808 1524 900 1558 quae
925 1516 1064 1559 septem
1086 1512 1313 1549 vertentibus
1337 1518 1422 1560 apta
1445 1513 1576 1550 diebus

608 1569 739 1604 Annus
764 1568 886 1611 habet,
913 1569 1068 1605 totidem
1092 1574 1252 1606 errantes
1275 1570 1394 1606 fecere
1417 1569 1597 1617 planetae,

608 1626 709 1665 Quos
733 1626 917 1662 indefessa
940 1626 1092 1662 volvens
1115 1627 1295 1673 vertigine
1319 1627 1490 1670 mundus,

609 1683 803 1729 Signorum
827 1683 978 1730 obliqua
997 1684 1107 1731 jubet
1130 1684 1169 1720 in
1194 1684 1351 1720 statione
1375 1684 1511 1730 vagari.

607 1740 770 1777 Primum
794 1752 1073 1788 supremumque
1099 1741 1194 1776 diem
1218 1741 1382 1777 radiatus
1405 1741 1515 1778 habet
1539 1741 1626 1778 Sol.

607 1798 778 1834 Proxima
803 1799 985 1834 fraternae
1009 1798 1172 1834 succedit
1195 1799 1324 1834 Luna
1348 1810 1512 1835 coronae.

609 1855 755 1891 Tertius
780 1856 986 1902 assequitur
1011 1855 1157 1892 Titania
1179 1855 1318 1891 lumina
1340 1857 1542 1892 Mavors.

606 1912 875 1949 Mercurius
901 1913 1022 1959 quarti
1047 1913 1118 1949 sibi
1141 1912 1305 1949 vindicat
1329 1918 1427 1950 astra
1452 1913 1536 1949 diei.

607 1969 800 2006 Illustrant
825 1969 990 2016 quintam
1013 1970 1035 2005 J
1041 1970 1138 2006 ovis
1162 1982 1270 2006 aurea
1295 1971 1414 2006 sidera
1438 1982 1574 2007 zonam.

609 2027 719 2064 Sexta
743 2027 983 2073 salutigerum
1007 2027 1170 2074 sequitur
1194 2028 1347 2063 Venus
1370 2027 1465 2063 alma
1487 2033 1684 2075 parentem.

610 2085 750 2120 Cuncta
774 2084 1051 2131 supergrediens
1077 2084 1269 2120 Saturni
1294 2084 1448 2131 septima
1471 2085 1536 2121 lux
1561 2090 1626 2122 est.

610 2141 789 2178 Octavum
813 2141 994 2177 instaurat
1018 2141 1234 2178 revolubilis
1258 2142 1377 2178 orbita
1402 2141 1531 2178 Solem.

427 2198 731 2236 Constantini
763 2199 815 2234 M.
849 2194 1130 2246 rescriptum
1162 2199 1212 2235 de
1245 2199 1321 2235 die
1354 2199 1486 2236 solis:
1515 2199 1711 2236 L.100d.
1738 2200 1874 2237 Theod.

515 2256 580 2292 lib.
603 2257 642 2292 II
665 2257 725 2292 tit.
754 2258 786 2291 8.

429 2315 458 2357 1)
493 2316 662 2360 δὀηηέαρ,
701 2316 866 2360 Montay,
899 2315 1057 2360 Dinstaq
1089 2314 1186 2358 (ahd.
1213 2314 1353 2361 κίεειαρ,
1387 2313 1487 2349 mhd.
1515 2314 1628 2360 zistaq
1648 2329 1690 2345 =
1709 2313 1787 2350 dies
1819 2314 1879 2350 dei

336 2373 410 2415 Zio,
441 2371 505 2419 qui
528 2371 642 2408 Marti
667 2370 824 2415 similis),
853 2373 1085 2420 Donnerstay
1113 2371 1204 2415 (dies
1227 2372 1288 2408 dei
1312 2373 1465 2415 Dmuzr),
1494 2373 1650 2418 Freitaq
1676 2370 1767 2416 (dies
1791 2370 1878 2407 deae

337 2429 472 2474 Freia).

427 2489 460 2530 2)
489 2499 517 2522 e.
536 2498 564 2522 c.
583 2485 748 2532 Angli,
777 2486 841 2532 qui
866 2485 962 2521 diem
977 2486 1152 2522 Mercurii
1179 2486 1397 2532 Wednesday
1423 2485 1471 2530 (h.
1491 2498 1522 2522 e.
1543 2486 1622 2522 dies
1646 2485 1705 2521 dei
1731 2485 1872 2528 Wodan,

336 2556 444 2590 quem
459 2543 609 2579 Tacitus
631 2543 760 2586 (Germ.
778 2545 809 2587 9)
838 2543 1021 2579 Mercurio
1039 2555 1162 2590 parem
1185 2543 1433 2586 existimavit),
1461 2543 1558 2579 diem
1582 2542 1731 2578 Saturni
1748 2543 1876 2578 Satur-

335 2601 405 2648 day
430 2600 629 2647 appellant.
677 2599 990 2646 Francogalli
1016 2601 1112 2637 diem
1135 2601 1312 2637 Mercurii
1337 2601 1518 2636 Mercredi
1539 2605 1681 2636 vocant.

428 2663 744 2764 4))ξ11ἒ1ἷ111οὲ.1Π
780 2722 832 2764 17,
861 2722 903 2754 22
924 2732 975 2767 sq.
1023 2721 1097 2756 Cic.
1136 2721 1248 2757 divin.
1281 2721 1300 2756 I
1325 2723 1379 2765 39,
1402 2723 1456 2756 85.
1494 2721 1539 2756 cf.
1563 2732 1639 2767 rep.
1666 2720 1718 2756 VI
1744 2722 1797 2763 17,
1821 2721 1873 2754 17.

336 2782 411 2813 nat.
439 2777 537 2814 deor.
564 2778 604 2813 II
629 2780 683 2822 20,
714 2780 768 2813 52.
796 2779 851 2821 46,
883 2779 958 2812 119.
1009 2778 1103 2814 Ρ1111.
1127 2778 1213 2814 hist.
1237 2783 1310 2813 nat.
1337 2778 1376 2813 II
1401 2780 1462 2814 8s.
1490 2780 1510 2812 6
1535 2779 1623 2823 §32-
1645 2778 1701 2812 33.
1749 2777 1875 2813 Juven.

336 2839 403 2871 sat.
421 2834 473 2870 VI
490 2836 571 2871 569.
611 2835 775 2871 Macrob.
804 2847 842 2890 111
867 2846 983 2870 somn.
1012 2834 1107 2882 Scip.
1134 2835 1224 2878 119,
1245 2836 1298 2870 20.
1338 2834 1468 2881 Virgil.
1493 2834 1624 2880 Georg.
1647 2834 1667 2869 I
1683 2836 1760 2870 336.
