1904 3216
738 200 1026 241 —67-

215 315 315 358 Jam
334 312 384 355 in
404 312 599 357 medium
620 312 851 369 protulisse
871 312 983 355 mihi
1004 313 1152 356 videor
1181 312 1340 365 omnia,
1374 327 1485 369 quae
1505 312 1660 355 literae

102 386 444 445 Babyloniorum
474 393 518 429 et
537 385 818 442 Assyrionmi
847 386 992 428 adhuc
1021 392 1152 428 notae
1183 385 1236 428 de
1266 385 1538 428 hebdomade
1560 386 1662 427 sab-

101 462 289 516 batoque
333 473 484 501 eorum
528 458 736 514 produnt.
813 458 881 500 Ex
925 457 1083 512 quibus
1128 457 1406 514 intelligitur,
1451 456 1656 499 habuisse

99 532 199 577 illos
228 532 427 584 sabbata,
463 530 556 573 dies
587 530 733 585 quiete
765 529 1008 583 distinctos,
1044 537 1101 584 et,
1148 530 1264 585 quod
1295 529 1473 585 quidem
1503 529 1659 572 verisi-

99 603 336 648 millimum
370 609 451 652 est,
495 601 611 644 diem
642 601 892 658 septimum,
937 608 1141 658 quartum
1172 602 1406 648 decimum,
1450 609 1659 644 unumet-

98 675 372 729 vicesimum,
407 673 819 717 duodetricesimum
850 674 1061 730 cujusque
1100 674 1263 717 mensis
1304 675 1483 716 sabbata
1522 672 1658 716 fuisse

102 747 246 804 iisque
281 747 387 804 (regi
416 761 466 789 ac
507 747 803 790 sacerdotibus
842 747 1022 790 fortasse
1063 746 1255 789 severius
1298 761 1427 801 quam
1466 745 1647 800 civibus)

98 818 381 864 interdictum
411 818 616 861 omnibus
647 818 863 875 operibus,
910 833 1020 874 quae
1051 818 1140 861 otio
1170 817 1438 874 praescripto
1479 824 1656 873 possent

101 890 348 942 detrahere,
399 898 724 952 contractuum·
747 890 918 934 tabulas
963 899 1111 934 tamen
1155 890 1225 933 his
1275 904 1448 945 quoque
1500 890 1654 931 diebus

98 962 260 1007 multas
290 961 472 1019 scriptas
514 977 622 1005 esse.
686 962 831 1005 Etiam
872 962 1180 1019 cognovimus,
1222 962 1302 1005 hos
1342 962 1434 1005 dies
1473 962 1657 1004 minime

97 1034 234 1079 fuisse
277 1042 394 1078 atros
436 1049 581 1090 neque
626 1035 864 1078 credendos
904 1050 996 1078 esse
1036 1036 1189 1078 Lunae
1227 1035 1385 1078 festos:
1431 1034 1563 1077 aliam
1603 1034 1656 1075 de

98 1106 268 1165 origine
298 1121 447 1150 eorum
478 1107 731 1164 opinionem
762 1107 1081 1163 proposuimus.

214 1203 369 1258 Itaque
394 1201 487 1259 jam
517 1209 584 1244 est
613 1203 859 1258 probatum,
903 1204 1133 1245 sabbatum
1171 1216 1262 1245 non
1301 1201 1480 1245 omnino
1520 1200 1656 1244 fuisse

99 1273 397 1319 Israelitanm
425 1274 663 1331 proprium,
701 1289 802 1330 ergo
833 1275 951 1330 apud
992 1289 1063 1317 eos
1103 1281 1274 1317 tantum
1310 1274 1483 1330 proprio
1524 1274 1654 1316 modo

96 1345 415 1391 conformatum
445 1347 812 1401 emendatumque
843 1360 951 1398 esse,
986 1353 1116 1402 atque
1146 1347 1316 1400 Mosen,
1363 1346 1400 1389 si
1425 1346 1526 1402 jure
1557 1347 1658 1387 sab-

95 1417 189 1462 bati
225 1417 449 1460 israelitici
486 1424 637 1461 auctor
681 1432 773 1460 esse
814 1418 997 1471 dicatur,
1054 1425 1201 1460 tamen
1241 1433 1332 1461 non
1369 1418 1562 1474 primum
1611 1417 1657 1459 id

94 1488 316 1532 invenisse
345 1495 423 1531 aut
449 1503 474 1531 a
494 1489 589 1532 Deo
611 1488 842 1545 accepisse,
879 1490 956 1532 sed
975 1489 1180 1546 religioni
1200 1491 1228 1532 J
1231 1490 1393 1533 ehovae
1414 1503 1659 1533 accommo-

95 1561 249 1603 datum
278 1574 391 1603 nova
421 1560 518 1617 lege
549 1562 830 1604 confirmasse
869 1577 919 1605 ac
950 1562 1158 1605 sanxisse.
1226 1563 1339 1605 Sunt
1370 1562 1550 1618 quidem
1582 1561 1657 1616 qui

94 1631 417 1685 contenderint,
447 1634 725 1676 sabbatorum
748 1634 1083 1677 israeliticorum
1104 1641 1308 1677 naturam
1329 1642 1419 1677 tam
1441 1633 1659 1677 diversam

94 1719 188 1748 esse
218 1719 244 1746 a
268 1704 554 1761 babylonicis,
590 1712 641 1748 ut
669 1705 794 1749 nullo
825 1706 1054 1749 affinitatis
1085 1707 1262 1750 vinculo
1293 1707 1528 1763 conjuncta
1565 1721 1656 1749 esse

94 1776 343 1819 videantur.
407 1776 481 1839 Sic
515 1777 835 1821 Robertson
873 1779 1104 1822 Smith12
1153 1779 1270 1831 „The
1309 1779 1499 1823 Sabbath
1540 1794 1588 1821 as
1629 1795 1656 1821 a

94 1849 179 1905 day
208 1848 356 1906 osjoy
385 1849 532 1892 stands
561 1848 606 1891 in
636 1850 813 1892 marked
848 1857 1036 1894 contrast
1074 1857 1113 1894 to
1157 1852 1224 1894 the
1262 1852 1447 1908 unlueky
1487 1852 1655 1895 seventh

92 1921 178 1977 day
207 1921 262 1977 qf
285 1920 352 1963 the
373 1921 714 1978 Babyloniam...
772 1922 859 1965 The
889 1923 1073 1966 relation
1101 1925 1155 1981 of
1173 1924 1239 1967 the
1260 1925 1445 1967 Hebrew
1464 1924 1654 1967 Sabbath

95 1997 137 2035 to
169 1991 238 2036 the
259 1992 493 2050 planetary
522 1994 634 2036 week
664 1995 719 2051 qs
743 1994 810 2037 the
831 1995 1138 2052 Babyloniam,
1173 1996 1217 2039 in
1237 1996 1371 2039 which
1395 1997 1463 2039 the
1483 1996 1650 2039 seventh

90 2181 250 2224 quatuor
272 2176 435 2213 Veadar:
464 2176 541 2214 illis
565 2179 627 2223 3l19
651 2177 709 2214 his
732 2179 794 2225 Ἃρ
817 2171 990 2224 numeri,¹
1006 2180 1071 2227 qui
1095 2186 1152 2216 est
1176 2180 1325 2217 illarum
1348 2181 1531 2219 mensium
1554 2193 1654 2218 com-

91 2234 260 2271 munium
289 2233 521 2279 tabularum,
556 2235 771 2272 tribuendas
810 2249 888 2274 esse
919 2238 1136 2285 putaverim.
1190 2239 1334 2276 Mensis
1364 2239 1480 2287 igitur
1514 2238 1657 2276 Veadar

90 2291 209 2329 multo
225 2291 351 2340 plures
367 2291 544 2330 habemus
568 2293 726 2337 tabulas,
755 2305 865 2340 quam
881 2294 1022 2332 calculo
1039 2296 1138 2332 facto
1156 2296 1191 2332 ei
1207 2297 1460 2334 concesserim.
1504 2298 1656 2335 Tabulis

90 2349 271 2398 pluribus,
298 2361 407 2397 quam
421 2362 490 2397 ego
507 2350 623 2398 potui,
650 2351 867 2389 examinatis
884 2353 1039 2390 fortasse
1056 2353 1150 2390 aliae
1166 2355 1329 2392 rationes
1345 2355 1590 2393 invenientur.
1610 2378 1654 2382 —

94 2406 310 2444 Intercalati
333 2412 421 2444 sunt
443 2420 586 2445 menses
610 2408 670 2445 his
695 2409 819 2446 annis:
849 2413 915 2446 597
941 2424 972 2446 a.
993 2410 1078 2447 Chr.
1110 2412 1181 2456 (El.
1199 2413 1267 2456 11),
1301 2415 1367 2449 595
1399 2413 1469 2456 (El.
1486 2413 1548 2458 II),
1587 2417 1652 2450 583

93 2464 164 2510 (El.
188 2465 258 2509 1115
286 2467 353 2501 568
383 2465 533 2509 (Vead.),
563 2469 629 2502 562
658 2467 808 2512 (Vead.),
839 2470 905 2504 559
931 2469 1078 2514 (Vead.),
1115 2473 1182 2506 554
1209 2471 1360 2515 (Vead.)‚
1397 2474 1463 2507 552
1493 2472 1649 2515 (Vead.),

95 2524 162 2558 549
190 2522 337 2567 (Vnam),
378 2526 444 2559 545
481 2523 550 2568 (El.
585 2525 648 2568 Π),
689 2527 755 2560 543
790 2525 940 2571 (Vead.),
980 2529 1046 2562 536
1083 2527 1153 2573 (ΕΙ.
1178 2529 1245 2572 11),
1287 2531 1353 2564 535
1388 2529 1545 2573 (Vead.),
1586 2532 1651 2566 527

95 2579 166 2622 (El.
193 2579 254 2623 11),
283 2582 350 2616 516
376 2581 523 2626 (Vead.)‚
552 2583 618 2618 513
650 2583 801 2626 (νοω),
832 2585 898 2620 510
926 2583 998 2625 (El.
1024 2584 1087 2628 ΙΙ),
1118 2588 1183 2621 508
1211 2586 1368 2630 (vead.),
1406 2589 1472 2622 505
1500 2587 1649 2632 (νοω).

90 2637 150 2674 Ex
174 2637 233 2674 his
255 2637 350 2674 ratio
375 2638 618 2676 intercalandi
650 2640 870 2688 babylonica
903 2642 1066 2679 nondum
1096 2648 1219 2690 potest
1251 2644 1437 2691 cognosci.
1496 2645 1645 2686 Mirum.

90 2694 190 2742 quod
213 2694 326 2731 semel
348 2695 497 2734 biennio
515 2697 588 2734 duo
606 2710 748 2734 menses
765 2698 973 2736 intercalati
991 2705 1089 2743 sunt,
1115 2701 1238 2748 priore
1260 2714 1356 2739 anno
1376 2705 1464 2747 (536)
1491 2702 1581 2739 Elul
1597 2704 1648 2747 ΙΙ,

89 2751 205 2789 altero
233 2755 324 2797 (535)
353 2754 507 2791 Veadar.

183 2823 212 2866 1')
246 2823 318 2858 The
338 2825 508 2870 prophete
532 2827 578 2869 of
602 2826 734 2868 Israel,
762 2837 799 2872 p.
820 2829 884 2863 384
905 2839 956 2874 sq.
1027 2823 1033 2827 ⁸

1324 2901 1372 2933 5*
