1904 3216
820 760 1024 812 caput
1059 760 1151 804 IV.

330 936 540 977 Arabes
576 935 858 979 hebdomadis
897 951 1024 978 usum
1063 938 1117 978 ab
1147 937 1362 979 Hebraeis
1392 939 1623 994 accepisse,
1656 953 1756 995 pro-

216 1007 336 1048 bavit
375 1007 652 1049 Schrader
690 1007 737 1048 in
766 1008 941 1050 Studien
970 1023 1012 1050 u.
1047 1010 1129 1050 Kr.
1170 1013 1274 1050 1874
1316 1011 1338 1051 Ι
1377 1024 1476 1065 pag.
1509 1015 1587 1051 344
1615 1012 1751 1066 sqq.¹.

216 1079 339 1120 Idem
358 1078 478 1121 illic²
499 1079 822 1132 demonstravit,
846 1079 1122 1135 Aethiope
1136 1095 1177 1133 s,
1214 1081 1373 1136 quippe
1404 1080 1479 1135 qui
1497 1081 1755 1123 vocabulum

217 1152 405 1235 ffiqq:
455 1156 520 1211 (=
553 1154 758 1210 ἑβδομὰς)
794 1163 890 1211 post
929 1156 1040 1198 illud
1080 1158 1255 1199 demum
1294 1164 1488 1213 tempus,
1531 1172 1615 1212 quo
1654 1157 1757 1199 libri

217 1237 357 1278 divini
387 1236 434 1277 in
463 1236 660 1291 linguam
692 1251 839 1278 eorum
869 1236 980 1279 versi
1011 1244 1137 1291 sunt,
1178 1238 1405 1290 finxerint,
1451 1251 1585 1292 quum
1621 1236 1758 1279 inter-

215 1315 357 1364 pretes
387 1308 597 1349 librorum
627 1307 873 1350 divinorum
902 1308 1135 1364 aethiopici
1175 1316 1217 1351 et
1255 1310 1483 1351 sabbatum
1521 1315 1564 1351 et
1593 1309 1759 1351 hebdo-

215 1381 387 1422 madem
416 1379 704 1440 significaturi
733 1394 836 1422 voce
865 1381 1014 1423 sanbat
1049 1380 1105 1435 (h.
1132 1396 1169 1423 e.
1204 1376 1311 1439 tal-3⁸25)
1349 1382 1402 1422 ab
1423 1380 1636 1423 Hebraeis
1667 1380 1758 1422 sive

216 1467 241 1493 a
262 1451 441 1494 Graecis
469 1448 724 1505 (σάββατον)
762 1457 936 1506 accepta
965 1451 1034 1493 usi
1055 1451 1156 1504 sint,
1190 1451 1472 1494 hebdomadis
1492 1466 1621 1494 usum
1647 1466 1752 1505 sero,

216 1523 392 1565 fortasse
424 1537 448 1564 a
479 1521 740 1563 Christianis
769 1522 1077 1565 Alexandrinis
1108 1523 1327 1565 didicisse.

330 1595 449 1635 Num
478 1593 763 1635 Aramaeis
793 1594 1083 1637 hebdomades
1115 1603 1157 1637 et
1188 1596 1365 1637 sabbata
1395 1594 1573 1648 fuerint,
1609 1594 1758 1651 explo-

216 1680 308 1707 rare
337 1665 591 1720 nequimus,
637 1680 771 1720 quum
811 1666 864 1707 de
904 1668 1034 1708 rebus
1074 1666 1266 1721 antiquis
1308 1681 1455 1708 eorum
1491 1680 1645 1721 pamm
1682 1680 1759 1722 per

216 1737 322 1779 alias
353 1744 519 1793 gentes,
552 1737 675 1779 libris
703 1736 927 1779 aramaicis
958 1738 1062 1780 satis
1093 1738 1273 1780 vetustis
1303 1737 1417 1778 nihil
1446 1737 1656 1780 traditum
1685 1737 1755 1790 sit.

331 1810 495 1861 Restat,
532 1815 583 1850 ut
613 1823 882 1863 quaeramus,
917 1824 1025 1850 num
1055 1811 1171 1864 apud
1211 1808 1554 1864 Babylonios
1593 1808 1759 1851 hebdo-

216 1880 355 1922 madis
411 1880 664 1935 sabbatique
709 1879 893 1935 vestigia
946 1886 1131 1922 exstent.
1224 1880 1392 1925 Quodsi
1438 1880 1534 1935 quis
1582 1880 1754 1934 sentiet,

215 1953 438 1994 Hebraeos
469 1958 568 1994 ante
596 1952 751 1994 Mosen
780 1951 1050 1994 hebdomade
1079 1966 1180 1994 usos
1211 1966 1303 1994 esse
1335 1959 1378 1993 et
1407 1952 1584 1994 sabbata
1613 1951 1758 2006 aliquo

216 2024 342 2065 modo
374 2023 642 2076 distinxisse,
675 2022 723 2064 in
745 2038 794 2065 ea
815 2031 939 2076 terra,
977 2039 1029 2066 ex
1059 2039 1143 2079 qua
1172 2031 1322 2066 auctor
1342 2022 1435 2078 ejus
1456 2023 1599 2078 gentis
1619 2023 1754 2076 venit,

311 2150 338 2191 1)
374 2148 612 2194 Argumentis
639 2148 758 2183 utitur
791 2148 909 2184 hisee:
949 2160 1081 2184 nomen
1116 2148 1353 2184 hebdomadis
1388 2147 1571 2183 arabicum
1605 2146 1758 2183 alterum

216 2195 349 2267 {wi
375 2204 443 2241 elif
462 2204 685 2252 prosthetico
710 2206 833 2241 fictum
857 2205 1074 2241 vocabulum
1097 2205 1326 2253 peregrinum
1343 2216 1421 2240 esse
1437 2204 1672 2241 manifestum
1689 2209 1756 2247 est,

216 2278 326 2320 atque
351 2286 395 2309 ex
418 2273 589 2309 hebraico
608 2273 701 2310 &³:125
727 2278 847 2309 ortum
870 2285 948 2309 esse
971 2274 1126 2317 videtur,
1155 2274 1249 2309 sieut
1273 2286 1391 2317 Q»-
1415 2285 1459 2308 ex
1475 2273 1577 2328 unffi:
1607 2272 1760 2309 alterum

216 2356 339 2404 {W
363 2341 436 2377 alia
466 2347 608 2378 tantum
638 2341 739 2378 illius
768 2342 883 2378 forma
915 2347 981 2378 est.
1028 2342 1138 2377 Fides
1173 2341 1374 2378 sententiae
1407 2341 1556 2378 additur
1578 2354 1632 2385 eo,
1661 2341 1760 2388 quod

217 2416 360 2447 sextum
385 2410 480 2446 diem
497 2411 637 2446 Arabes
653 2410 838 2446 interdum
861 2409 971 2464 &2:932
995 2410 1190 2457 appellant,
1220 2421 1327 2456 quam
1350 2421 1475 2445 vocem
1499 2422 1543 2445 ex
1561 2409 1759 2446 aramaioo-

212 2469 364 2516 judaica
388 2475 550 2520 &nm-533,
587 2467 623 2503 h.
645 2480 674 2503 e.
703 2479 852 2515 „vesper
880 2471 974 2512 (ante
1000 2468 1224 2511 sabbatum)“
1257 2467 1376 2502 fictam
1409 2478 1487 2503 esse
1518 2472 1656 2502 eertum
1687 2471 1753 2502 est.

217 2526 373 2563 Accedit
404 2525 502 2571 quod
533 2536 705 2561 numerus
736 2525 964 2571 septenarius
997 2524 1094 2571 apud
1126 2524 1266 2560 Arabes
1303 2536 1376 2559 non
1415 2528 1520 2560 tanto
1551 2523 1591 2558 in
1621 2522 1757 2559 honore

216 2583 418 2619 habebatur
436 2594 544 2628 quam
560 2583 657 2629 apud
672 2583 872 2624 Hebraeos,
900 2582 998 2628 quod
1013 2582 1098 2617 inde
1114 2580 1267 2616 maxime
1291 2585 1453 2627 apparet,
1482 2580 1578 2627 quod
1594 2580 1758 2616 Arabum

216 2641 367 2677 verbum
387 2639 537 2685 jurandi
560 2652 632 2675 non
665 2644 707 2675 ut
730 2639 941 2675 hebraicum
966 2639 1058 2675 3³:225:
1085 2651 1105 2673 a
1128 2638 1249 2673 radice
1273 2637 1414 2673 numeri
1438 2637 1636 2684 septenarii
1660 2637 1758 2673 deri-

216 2702 340 2733 vatum
372 2701 438 2733 est.
496 2697 552 2732 Of.
586 2709 678 2743 quae
711 2709 732 2732 a
765 2696 962 2732 Schradero
995 2695 1131 2742 scripta
1166 2695 1338 2741 leguntur
1370 2695 1408 2729 in
1439 2694 1581 2730 ZDMG
1612 2693 1758 2729 XXVII

221 2756 333 2797 (1873)
358 2765 442 2800 pag.
461 2756 540 2789 405.
558 2756 637 2797 407,
666 2758 703 2789 et
726 2766 747 2789 a
771 2753 927 2789 Brandis
951 2753 988 2789 in
1013 2753 1197 2798 ‚‚Hermes‘⁴
1220 2752 1260 2789 ΙΙ
1284 2754 1349 2787 259
1367 2763 1446 2799 sqq.

308 2813 340 2853 2)
368 2823 453 2859 pag.
473 2812 538 2845 352
556 2822 609 2859 sq.
