1904 3216
770 184 1056 225 ..37-

137 298 321 342 alienior
351 297 436 339 fuit
474 312 499 339 a
530 297 699 339 sabbati
739 303 917 350 natura,
962 311 1098 352 quum
1137 296 1302 349 Nineb,
1349 295 1457 337 deus
1497 293 1604 336 belli
1645 302 1688 336 et

138 368 404 421 venationis,
452 383 544 410 non
573 367 611 409 is
642 374 774 421 esset,
820 367 895 423 qui
935 369 990 411 ad
1028 369 1166 411 otium
1204 373 1390 410 vocaret.
1461 366 1687 408 Praeterea

137 440 375 484 hebdomas
405 439 663 496 astrologica
692 439 740 481 in
768 439 945 495 publico
980 455 1065 482 usu
1104 454 1196 482 non
1232 438 1368 482 fuisse
1406 437 1579 479 videtur
1616 437 1683 492 (cf.

136 526 238 569 pag.
266 512 352 566 35).
415 512 570 565 Itaque
606 511 644 553 si
674 513 853 554 sabbata
892 511 1210 566 qualiacunque
1247 508 1482 566 Babylonii
1520 509 1688 551 habue-

136 590 260 635 runt,
299 582 419 626 credi
447 597 537 625 non
566 589 721 639 potest,
758 598 808 626 ea
836 582 1052 638 principio
1083 582 1177 624 dies
1208 581 1491 637 astrologicae
1520 580 1689 623 hebdo-

136 654 277 698 madis
306 654 458 707 fuisse,
492 655 569 696 sed
599 662 720 698 extra
749 654 1027 711 astrologiam
1056 653 1321 710 Babylonios
1340 652 1689 695 hebdomadibus

137 741 239 770 usos
268 738 363 769 ‘esse
393 725 705 781 suspicandum
735 725 830 769 erit.
891 728 957 769 Ac
986 725 1114 768 facile
1144 725 1288 781 potuit
1317 724 1420 767 oriri
1450 724 1690 766 hebdoma-

139 799 245 842 dum
281 811 388 840 usus
417 812 472 839 ex
500 812 651 840 mense
690 798 834 840 lunari
873 796 1211 853 quadripartito,
1257 795 1382 850 cujus
1422 810 1558 850 quum
1595 795 1690 851 ple-

138 883 322 924 rumque
351 869 654 925 undetriginta
684 869 777 912 dies
807 869 921 923 sint,
967 876 1119 924 quarta
1148 882 1246 924 pars
1277 867 1449 910 circiter
1478 868 1566 909 VH
1597 867 1689 909 dies

135 942 283 984 habet.
346 941 470 986 Quae
500 940 658 983 divisio
687 941 871 995 mensis,
918 941 1000 984 etsi
1037 940 1184 982 minus
1224 945 1426 982 accurata
1465 938 1553 981 fuit
1588 940 1690 993 (una

137 1013 257 1056 enim
285 1018 363 1055 aut
382 1012 494 1054 duae
514 1012 726 1068 cujusque
747 1013 910 1055 mensis
929 1012 1223 1055 hebdomades
1244 1018 1498 1054 octonorum
1518 1011 1690 1053 dierum

138 1092 275 1139 erant,
298 1083 368 1126 vel
388 1083 545 1126 ultima
565 1083 754 1126 invicem
773 1092 870 1128 octo
901 1084 1072 1127 dierum
1101 1090 1179 1126 aut
1208 1084 1400 1138 novem),
1435 1083 1550 1125 vitae
1581 1097 1690 1138 quo-

136 1156 329 1199 tidianae
358 1154 612 1198 necessitati
641 1155 865 1209 satisfecit,
902 1163 946 1199 et
976 1156 1180 1211 equidem
1208 1154 1417 1210 suspicor,
1454 1169 1509 1196 ex
1527 1154 1690 1196 talibus

137 1227 496 1280 hebdomadibus,
528 1241 634 1283 quas
660 1227 931 1279 „lunares“
962 1242 1112 1270 vocare
1136 1227 1254 1279 licet,
1291 1226 1570 1283 astrologicas
1596 1241 1690 1268 esse

138 1307 273 1344 ortas:
300 1314 446 1359 ⁴quum
475 1300 595 1342 enim
623 1298 830 1354 astrologi
859 1299 1286 1352 animadvertissent,
1309 1298 1585 1354 planetarum
1604 1313 1690 1340 nu-

137 1386 307 1414 merum
334 1385 516 1413 numero
547 1370 716 1412 dierum
745 1370 1069 1413 hebdomadum
1086 1371 1390 1427 plerarumque
1412 1385 1505 1413 esse
1525 1385 1686 1426 parem,

136 1442 265 1486 facile
294 1442 397 1486 oriri
424 1442 569 1498 potuit
599 1441 758 1498 opinio,
794 1442 1035 1497 unicuique
1065 1443 1339 1498 planetarum
1378 1442 1495 1484 diem
1525 1442 1691 1484 hebdo—

135 1514 278 1558 madis
308 1528 404 1557 esse
439 1513 794 1566 attribuendum,
837 1520 882 1555 et
920 1528 1056 1568 quum
1094 1521 1191 1557 octo
1231 1514 1414 1569 (novem)
1456 1513 1549 1556 dies
1590 1528 1690 1556 cum

137 1585 411 1643 planetarum
439 1600 623 1629 numero
643 1600 734 1628 non
755 1593 1060 1641 congruerent,
1094 1586 1388 1628 hebdomades
1410 1585 1691 1641 astrologicae

137 1665 340 1714 septenos
382 1657 476 1700 dies
514 1657 852 1714 complectentes
887 1672 913 1700 a
947 1655 1177 1700 lunaribus
1216 1657 1344 1700 facile
1379 1657 1686 1699 discesserunt.

130 1729 471 1772 -Hebdomadem
510 1728 688 1784 quidem
717 1729 1020 1785 astrologicam
1049 1730 1098 1772 in
1134 1730 1249 1772 vitae
1287 1729 1569 1785 quotidianae
1607 1743 1692 1771 usu

137 1800 275 1843 fuisse
294 1815 387 1843 non
405 1799 642 1843 verisimile
671 1800 782 1842 mihi
802 1800 987 1853 videtur,
1022 1816 1166 1856 neque
1196 1802 1287 1844 ullo
1307 1802 1534 1844 literarum
1554 1802 1693 1856 baby-

137 1871 380 1915 lonicarum
408 1871 504 1914 loco
533 1872 741 1927 probatur
773 1872 826 1927 (v.
851 1872 985 1914 etiam
1008 1875 1221 1929 pag.·35),
1257 1874 1334 1916 sed
1364 1873 1557 1927 aliquam
1581 1872 1691 1914 heb-

137 1943 383 1998 domadem,
415 1945 507 1986 sive
535 1943 748 1996 lunarem,
782 1944 874 1986 sive
900 1944 1047 1999 talem,
1082 1945 1255 2000 qualem
1274 1945 1498 1988 Israelitae
1527 1944 1693 1986 habent

137 2021 183 2057 et
210 2029 307 2069 nos⁷
341 2029 472 2070 quam
494 2015 892 2067 „sabbaticam“
914 2030 1065 2061 vocare
1085 2016 1208 2071 libet,
1234 2017 1366 2074 vulgo
1386 2023 1537 2059 notam
1556 2016 1691 2058 fuisse

138 2086 242 2129 inde
272 2086 472 2142 conjicio,
507 2087 624 2142 quod
653 2086 702 2128 in
730 2086 860 2130 initio
880 2087 1054 2130 fabulae
1074 2089 1164 2132 VII
1194 2089 1457 2131 daemonum
1476 2087 1690 2130 malorum

127 2154 205 2200 'res
236 2164 379 2214 gestas
407 2158 626 2201 narrantis
657 2159 711 2201 de
741 2159 796 2201 iis
827 2159 1009 2203 dicitur:
1044 2164 1072 2203 πὶ
1102 2161 1220 2203 uZ-ul
1237 2161 1326 2204 ma}
1346 2159 1488 2216 dinqir
1506 2155 1692 2213 §ammes

144 2229 377 2286 (accadice,
415 2231 532 2285 quod
561 2231 730 2287 Assyrii
759 2230 808 2273 in
837 2232 1036 2289 linguam
1065 2248 1189 2275 suam
1218 2233 1281 2275 sic
1315 2238 1561 2275 verterunt:
1603 2234 1692 2275 dmi

138 2302 473 2357 muttalcputuw
504 2301 613 2344 ilani
639 2302 808 2346 limmata·
833 2305 954 2361 sunu)
993 2305 1127 2357 „Dies
1166 2305 1216 2346 in
1255 2306 1405 2347 orbem
1435 2311 1589 2347 euntes
1620 2304 1690 2346 dei

137 2372 243 2415 mali
280 2377 428 2416 sunt“.
489 2375 645 2429 Itaque
675 2375 764 2417 VII
803 2375 871 2417 illi
905 2377 1136 2419 daemones
1174 2377 1290 2419 nihil
1325 2376 1446 2419 aliud
1484 2376 1690 2418 videntur

137 2458 233 2488 esse
263 2459 394 2500 quam
423 2445 516 2489 dies
546 2446 833 2490 hebdomadis
862 2447 911 2490 in
939 2450 1144 2504 personas
1175 2448 1417 2491 constituti.

255 2516 444 2560 Sabbata
472 2518 738 2575 Babylonios
769 2519 858 2562 otio
890 2519 1140 2575 celebrasse,
1178 2520 1393 2576 imprimis
1425 2521 1692 2562 demonstrat

138 2587 260 2631 locus
289 2603 420 2645 supra
448 2598 733 2633 memoratus:
768 2594 868 2633 amu
897 2595 979 2649 παῤ
1008 2591 1112 2634 libbi
1138 2612 1198 2628 =-
1223 2594 1449 2642 sabanum,
1486 2591 1531 2633 II
1553 2592 1595 2633 R
1616 2596 1684 2643 32,

145 2664 193 2701 16
209 2674 248 2702 a.
268 2661 320 2703 b:
346 2661 477 2713 „dies
507 2662 667 2717 quietis
698 2662 838 2705 cordis
868 2683 924 2700 =
954 2659 1095 2722 πῆξε-544.

234 2822 262 2864 1)
288 2821 421 2857 Partic.
437 2821 467 2868 Ι,
485 2821 504 2859 3
532 2822 710 2866 (iftaneal)
738 2823 842 2859 verbi
865 2823 1008 2871 nalcdpu
1026 2840 1067 2854 =
1085 2824 1187 2861 hebr.
1209 2831 1289 2875 ³:323.
