1904 3216
909 215 1193 254 ,14-

279 325 404 379 ricos⁷
430 340 536 382 quos
558 326 760 369 Clemens
781 327 907 369 Alex.
931 327 979 368 in
999 334 1146 370 strom.
1172 328 1211 370 V
1232 333 1295 382 14,
1323 333 1400 371 108
1422 330 1610 384 attulit1,
1644 332 1699 373 ab
1717 330 1819 373 Ari-

280 397 451 440 stobulo
473 398 639 440 Judaeo
666 400 861 441 Homero
883 398 1125 455 suppositos
1146 413 1238 442 esse
1267 407 1434 443 constat
1445 402 1476 455 ²,
1510 409 1555 444 et
1572 402 1820 446 Hesiodus³

278 469 472 511 mensis
488 471 788 512 tantummodo
804 471 1039 526 septimum
1055 471 1171 513 diem
1185 471 1381 528 Apollini
1401 487 1570 516 sacrum
1585 488 1678 517 esse
1694 474 1815 518 dicit.

394 542 613 583 Numerus
654 543 923 598 septenarius
963 543 1129 585 seilicet
1159 543 1251 598 jam
1296 544 1538 599 antiquitus
1579 560 1604 587 a
1641 546 1820 589 Graecis

279 612 465 668 insignis
505 620 548 655 et
592 629 710 657 sacer
754 615 1040 669 habebatur4,
1090 616 1204 671 quod
1249 616 1437 659 ostendit
1475 618 1693 660 Homerus
1730 617 1816 661 Od.

276 685 369 726 XII
404 689 498 727 129.
547 685 601 727 Il.
635 686 705 728 IX
739 691 833 740 122,
877 701 1008 742 quare
1049 702 1139 729 non
1175 684 1442 742 mirandum,
1485 684 1611 730 illum
1649 695 1714 740 ter
1750 689 1820 732 vel

279 763 431 811 quater
470 771 666 811 narrare,
709 758 893 814 septimo
934 759 1004 801 die
1043 767 1140 815 post
1180 759 1371 814 aliquam
1410 774 1501 802 rem
1541 759 1671 802 aliam
1706 761 1818 803 acci-

277 828 404 870 disse.
468 828 536 870 Cf.
581 829 665 872 od.
707 830 801 872 XII
832 835 928 872 399.
982 832 1093 873 XIV
1123 836 1220 873 252.
1274 831 1361 872 XV
1391 836 1488 873 477.
1558 831 1644 874 Sed
1679 847 1818 875 unum

276 914 330 941 ex
360 900 550 956 septenis
580 901 733 944 diebus
764 916 929 946 sacrum
970 903 1119 957 fuisse,
1161 903 1264 945 inde
1301 902 1636 959 haudquaquam
1672 909 1814 960 potest

275 971 437 1028 colligi.
1361 989 1364 993 ·

390 1043 523 1086 Porro
553 1044 734 1087 minime
763 1060 989 1101 negamus,
1013 1045 1134 1088 festis
1156 1046 1309 1088 diebus
1339 1045 1505 1088 labores
1525 1046 1812 1091 intermittere

274 1114 339 1157 fas
370 1129 461 1157 esse
493 1116 760 1159 Graecorum
781 1119 1162 1173 Romanorumque
1191 1117 1422 1172 sententia,
1456 1118 1571 1173 quod
1599 1125 1814 1162 testantur

273 1187 523 1242 Xenophon
541 1188 671 1243 (Hell.
694 1190 716 1231 I
733 1194 773 1243 4,
799 1193 864 1230 12.
890 1189 943 1231 de
958 1204 1048 1245 rep.
1065 1190 1170 1232 Ath.
1189 1190 1256 1231 III
1273 1191 1333 1246 8),
1352 1189 1607 1233 Aristoteles
1623 1190 1806 1246 (Nicom.

367 1360 397 1401 1)
523 1355 745 1407 ’Ἑβδομάτῃ
773 1360 808 1395 δ’
829 1360 959 1405 ἦπειτα
983 1358 1190 1405 κατήλυθεν
1215 1359 1316 1409 ἱερὸν
1339 1355 1449 1409 ἦμαρ.

539 1414 700 1463 Ἑβδόμη
723 1412 770 1452 ἓν
795 1416 884 1467 ἱερή.

539 1473 725 1522 Ἕβδομον
747 1470 847 1525 ἦμαρ
872 1475 947 1520 ἔην,
975 1476 1037 1511 καὶ
1061 1477 1112 1522 τῷ
1133 1475 1316 1511 τετέλεστο
1341 1474 1502 1512 ἅπαντα.

365 1529 661 1567 Callimacho
689 1533 827 1577 (Lino)
853 1533 918 1569 ille
943 1533 1136 1580 supposuit
1157 1544 1303 1569 versus:

537 1586 743 1637 Ἔβδομάτῃ
770 1589 805 1625 δ’
834 1589 895 1634 ἠοῖ
917 1590 979 1626 καὶ
1003 1589 1041 1626 οἱ
1062 1588 1255 1626 τετύκοντο
1281 1589 1439 1626 ἅπαντα.

538 1644 699 1693 Ἑβδόμη
723 1646 781 1682 εἰν
804 1646 997 1693 ἀγαθοῖσι,
1025 1648 1087 1684 καὶ
1111 1646 1248 1695 ἑβδόμη
1272 1646 1349 1683 ἐστὶ
1372 1648 1543 1693 γενέθλη.

540 1701 702 1751 Ἑβδόμη
727 1703 768 1740 ἐν
792 1703 981 1752 πρώτοισι,
1010 1706 1072 1741 καὶ
1097 1703 1233 1753 ἑβδόμη
1258 1704 1335 1741 ἐστὶ
1358 1706 1486 1749 τελεὶη.

540 1758 656 1796 Ἑπτὰ
682 1761 721 1798 δὲ
745 1760 868 1797 πάντα
892 1763 1037 1798 τέτυκτο
1062 1762 1103 1799 ἐν
1127 1761 1274 1811 οὐρανῷ
1299 1761 1520 1809 ἀστερόεντι,

540 1817 604 1852 Ἑν
626 1816 794 1854 κύκλοισι
819 1819 971 1867 φανέντ’
999 1819 1296 1867 ἐπιτελλομένοις
1320 1819 1515 1859 ἐνιαυτοῖς.

362 1877 395 1918 2)
431 1875 486 1911 Of.
515 1875 758 1918 Valckenaer‚
794 1876 950 1914 diatribe
975 1877 1019 1913 de
1043 1877 1258 1914 Aristobulo
1280 1877 1437 1921 Judaeo,
1464 1877 1520 1914 ed.
1547 1889 1568 1913 a
1591 1877 1673 1914 soh.
1692 1877 1812 1914 Luzao

273 1932 405 1979 (Lugd.
431 1934 513 1970 Bat.
543 1935 657 1977 1806),
685 1945 721 1980 p.
742 1936 761 1969 8
780 1945 833 1981 sq.
857 1936 920 1969 106
932 1945 985 1981 sq.

361 1992 393 2034 3)
423 1991 493 2037 Op.
521 1996 558 2027 et
583 1991 618 2027 d.
647 1993 712 2026 769
730 2002 829 2038 sqq.:

545 2046 636 2083 Αἵδε
661 2047 733 2096 γὰρ
758 2046 893 2096 ἡμέραι
916 2048 990 2085 εἶσὶ
1015 2048 1110 2088 Διὸς
1133 2047 1236 2097 πάρα
1258 2047 1486 2097 μητιόεντος.

542 2108 702 2153 Πρῶτον
725 2105 789 2149 ἔνη
813 2103 938 2153 τετράς
962 2119 1000 2141 τε
1022 2107 1085 2142 καὶ
1109 2104 1246 2153 ἑβδόμη
1279 2105 1381 2154 ἱερὸν
1403 2100 1513 2155 ἦμαρ,

547 2164 598 2209 Τῇ
623 2161 696 2209 γὰρ
720 2161 931 2198 Ἀπόλλωνα
954 2162 1148 2212 χρυσάορα
1172 2164 1323 2209 γείνατο
1347 2162 1462 2208 Λητώ.

269 2219 399 2265 Itaque
422 2217 558 2265 Apollo
582 2218 832 2267 ἓβδομαγέτας
860 2220 1020 2264 (Aeson,
1047 2221 1147 2268 Sept.
1167 2224 1246 2264 800,
1274 2221 1321 2257 ef.
1341 2221 1478 2257 Herod=
1497 2221 1550 2256 VI
1566 2223 1620 2265 57)
1650 2226 1686 2256 et
1708 2220 1813 2268 ἑβδο-

268 2274 434 2323 μαγενής
462 2275 586 2320 (Plut.,
614 2277 710 2313 Mor.
737 2290 773 2324 p.
795 2280 859 2312 717
876 2277 925 2321 D)
952 2278 1172 2314 nominatur.

362 2335 394 2376 4)
423 2333 505 2372 Quo
530 2334 667 2369 factum
691 2334 758 2378 sit,
796 2340 837 2370 ut
859 2335 920 2370 hic
951 2347 1125 2371 numerus
1148 2340 1290 2371 tantum
1320 2335 1474 2379 valeret,
1510 2336 1680 2382 equidem
1710 2336 1812 2373 affir-

269 2402 366 2426 mare
390 2402 464 2426 non
488 2391 617 2434 ausim,
644 2403 757 2438 quum
780 2392 979 2439 permultae
1002 2392 1144 2439 possint
1177 2392 1377 2438 excogitari
1411 2403 1552 2429 causae.
1606 2393 1696 2429 Noli
1725 2406 1811 2430 vero

269 2447 434 2494 opinari,
470 2460 660 2484 numerum
691 2449 935 2496 septenarium
966 2462 987 2485 a
1011 2449 1160 2486 Graecis
1191 2449 1273 2485 ideo
1305 2460 1369 2495 pro
1404 2460 1505 2485 sacro
1529 2450 1695 2486 habitum
1719 2461 1807 2495 esse,

271 2504 369 2551 quod
403 2504 572 2551 planetae
603 2506 678 2541 sint
710 2511 860 2553 septem.
918 2507 1014 2542 Nam
1049 2518 1160 2554 quum
1194 2511 1277 2542 ante
1307 2506 1552 2553 Pythagoram
1583 2507 1711 2544 Graeci
1739 2520 1812 2544 non

271 2562 450 2605 noverint,
484 2561 643 2611 ἕσπερον
666 2567 703 2599 et
727 2562 945 2612 φωσφόρον
975 2573 1054 2600 esse
1084 2576 1192 2600 unam
1223 2563 1445 2610 eandemque
1476 2564 1638 2608 stellam,
1674 2569 1812 2612 septem

272 2618 438 2665 planetas
462 2631 650 2656 numerare
674 2633 748 2656 non
781 2626 991 2667 potuerunt.
1026 2642 1072 2647 —
1099 2623 1156 2657 De
1187 2632 1336 2656 numero
1360 2620 1434 2656 VII
1467 2633 1567 2657 sacro
1598 2621 1683 2658 vide
1714 2622 1812 2668 apud

269 2675 344 2711 Cic.
372 2676 464 2723 Rep.
491 2680 523 2720 6,
548 2679 601 2712 18.
643 2677 836 2713 Philonem
861 2677 905 2713 de
931 2678 1054 2714 decem
1078 2690 1172 2714 orae.
1202 2678 1331 2723 (11198
1348 2680 1428 2724 sq),
1458 2678 1501 2713 de
1525 2678 1811 2725 opif.mundi<1

270 2735 310 2768 21
324 2736 435 2779 sqq),
464 2733 507 2769 de
533 2733 739 2780 septenario
765 2739 801 2769 et
825 2734 931 2770 festis
954 2734 1051 2771 dieb.
1074 2736 1125 2779 (II
1141 2737 1241 2779 281),
1273 2735 1315 2770 de
1340 2735 1446 2771 Mose
1470 2735 1531 2770 ΙΙΙ
1556 2735 1605 2779 (Π
1621 2747 1655 2781 p.
1678 2737 1742 2771 166
1753 2746 1806 2783 sq.

270 2790 327 2826 ed.
346 2791 537 2837 Mangey‘.)
559 2795 627 2826 ete.
662 2790 774 2828 Glem.
794 2790 904 2827 Alex.
923 2796 1046 2827 strom.
1067 2793 1099 2827 V
1118 2795 1172 2828 14.
1199 2793 1251 2828 VI
1270 2794 1322 2827 16.
1358 2791 1456 2828 Plut.
1473 2792 1517 2827 de
1532 2793 1580 2828 Ei
1596 2804 1653 2839 ap.
1672 2791 1806 2840 Delph.

271 2858 301 2882 e.
323 2848 377 2882 17.
419 2847 534 2883 Varro
559 2859 616 2894 ap.
644 2847 738 2884 Gell.
764 2847 813 2884 N.
833 2849 879 2884 A.
906 2849 1035 2884 11110.
1079 2850 1241 2887 Maerob.
1269 2849 1306 2885 in
1331 2860 1445 2885 somn.
1472 2848 1568 2897 Seip.
1593 2851 1624 2891 1,
1644 2851 1678 2885 6.
