1904 3216
787 191 1075 233 -77-

266 306 372 349 Post
403 320 503 348 eum
542 305 789 348 Jeremia
826 308 911 361 (17,
948 305 1130 360 21—27)
1176 305 1229 347 de
1271 306 1449 347 sabbato
1490 303 1706 360 loquitur:

155 379 359 422 Cavete
406 378 610 420 animis
656 377 864 421 vestris
910 377 1204 432 noliteque
1250 376 1400 419 ferre
1445 390 1583 419 onus
1622 376 1710 419 die

155 449 379 494 sabbati
432 457 481 492 et
528 457 757 506 portare
813 449 871 491 in
927 457 1116 506 portas
1173 448 1708 505 Hierosolymorum.

155 523 304 566 Neve
333 521 535 564 feratis
567 537 698 564 onus
729 537 791 565 ex
830 522 1085 565 domibus
1120 522 1328 564 vestris
1365 521 1452 564 die
1489 520 1712 563 sabbati

155 601 208 637 et
253 608 407 637 omne
448 594 736 650 negotium
780 593 964 636 nolite
1008 594 1195 637 facere
1235 602 1285 636 et
1324 600 1518 636 sancte
1558 593 1713 649 agite

155 667 301 709 diem
358 666 579 709 sabbati
635 667 784 709 sicut
837 665 1113 722 imperavi
1168 666 1423 722 patribus
1480 665 1710 708 vestris:

156 753 333 794 neque
363 738 655 781 audierunt
683 753 865 794 neque
894 739 1279 794 praebuerunt
1309 753 1470 781 aures
1503 745 1552 780 et
1580 737 1716 794 rigi-

155 811 248 853 dos
277 810 529 852 fecerunt
560 812 808 854 cervices
844 824 951 852 non
987 809 1241 852 audituri
1283 825 1461 865 neque
1499 810 1715 867 passuri

156 881 535 938 disciplinam.
599 884 664 925 Et
694 882 936 935 accidet,
983 881 1026 924 si
1058 895 1136 924 me
1176 882 1458 936 audietis,
1503 882 1716 925 dictum

155 953 419 1008 Jehovae,
473 961 533 997 ut
576 970 687 998 non
731 954 976 1011 portetis
1023 968 1161 997 onus
1206 954 1263 995 in
1308 961 1499 1011 portas
1549 954 1716 1010 hujus

154 1027 310 1069 urbis
342 1026 430 1069 die
459 1028 718 1082 sabbati,⁸
751 1034 804 1069 et
842 1034 1036 1069 sancte
1073 1026 1259 1082 agetis
1292 1028 1586 1069 sabbatum
1615 1041 1716 1069 ne-

157 1112 256 1153 que
292 1098 523 1141 facietis
562 1114 621 1142 eo
655 1114 808 1142 omne
835 1098 1150 1155 negotium:
1185 1099 1417 1142 venient
1444 1099 1498 1141 in
1523 1107 1715 1156 portas

153 1169 314 1213 urbis
344 1170 513 1226 hujus
554 1185 707 1228 reges
750 1178 800 1214 et
839 1170 1130 1227 principes
1168 1172 1431 1214 sedentes
1471 1172 1529 1214 in
1570 1172 1715 1215 solio

154 1241 415 1296 Davidis‚
450 1242 602 1285 vecti
633 1243 886 1286 curribus
919 1243 1059 1286 etin
1090 1243 1254 1298 equis
1285 1258 1403 1286 cum
1434 1244 1716 1302 principi-

157 1315 260 1356 bus
290 1314 427 1367 suis,
463 1313 603 1357 viris
624 1315 851 1358 Judaeis
883 1323 936 1358 et
966 1315 1167 1358 incolis
1187 1315 1710 1372 Hierosolymorum,

157 1394 209 1429 et
246 1386 530 1429 incoletur
564 1386 697 1429 haec
732 1388 864 1429 urbs
901 1387 959 1429 in
996 1395 1300 1430 aeternum.
1376 1388 1440 1430 Et
1486 1389 1718 1432 venient

155 1472 219 1500 ex
247 1457 486 1500 urbibus
507 1458 754 1500 Judaeae
782 1466 836 1501 et
863 1473 927 1501 ex
953 1459 1165 1501 vicinis
1186 1459 1717 1516 Hierosolymorum

156 1537 209 1572 et
239 1543 302 1572 ex
331 1536 482 1572 terra
512 1529 806 1586 Benjamin
837 1537 889 1573 et
920 1545 985 1572 ex
1013 1530 1157 1573 locis
1189 1520 1452 1575 demissis
1481 1539 1536 1575 et
1565 1545 1717 1576 mon-

155 1601 307 1644 tanis
348 1609 400 1644 et
439 1616 500 1644 ex
544 1610 696 1644 terra
740 1602 1112 1646 meridionali
1151 1611 1519 1660 apportantes
1559 1605 1719 1648 holo-

155 1680 353 1717 causta
384 1681 439 1716 et
468 1674 764 1717 sacrificia
795 1681 848 1717 et
879 1674 1092 1732 cibaria
1132 1683 1186 1718 et
1227 1677 1623 1720 suffimentum
1665 1686 1718 1721 et

154 1752 527 1802 apportantes
577 1746 776 1789 laudes
825 1747 1040 1790 domum
1093 1749 1355 1792 Jehovae.
1442 1749 1540 1792 Sin
1590 1765 1718 1794 vero

154 1832 261 1861 non
305 1817 553 1861 audietis
596 1833 674 1861 me
719 1826 910 1862 sancte
955 1820 1140 1862 acturi
1192 1820 1338 1864 diem
1387 1823 1613 1865 sabbati
1664 1831 1719 1866 et

155 1905 263 1933 non
298 1889 476 1933 laturi
516 1905 657 1934 onus
695 1898 749 1933 et
786 1892 1017 1934 venturi
1056 1892 1113 1934 in
1150 1900 1341 1949 portas
1380 1894 1718 1952 Hierosoly—

154 1977 364 2006 morum
413 1962 503 2005 die
554 1962 799 2005 sabbati:
854 1963 1039 2020 ignem
1089 1964 1381 2008 incendam
1425 1966 1482 2008 in
1531 1967 1719 2023 portis

157 2035 392 2089 vestris,
434 2034 531 2090 qui
568 2043 859 2078 consumet
898 2042 1077 2079 turres
1108 2037 1634 2094 Hierosolymorum
1665 2047 1719 2083 et

155 2122 263 2151 non
291 2107 700 2163 restinguetur.
752 2108 1023 2167 Adhortatur
1053 2108 1274 2152 Israelitas
1300 2111 1505 2164 Jeremia,
1539 2118 1590 2153 ut
1620 2113 1720 2154 sab-

155 2181 258 2222 bata
272 2186 436 2223 >sancte
467 2187 601 2235 agant
635 2180 689 2222 ab
726 2194 856 2235 opere
894 2179 1037 2223 omnis
1074 2181 1247 2238 generis
1285 2178 1447 2237 (³¹52an
1477 2178 1540 2239 bn)
1582 2183 1720 2226 absti-

156 2251 316 2304 nendo,
353 2251 544 2294 maxime
574 2253 628 2294 ab
660 2251 865 2295 oneribus
895 2253 1140 2308 portandis⁷
1187 2261 1384 2298 statuens
1419 2256 1447 2296 J
1449 2255 1632 2299 ehovam
1673 2256 1718 2298 id

155 2323 353 2380 patribus
383 2322 633 2380 imperasse.

271 2397 466 2453 Apparet
502 2396 758 2452 prophetam
790 2396 863 2439 hic
894 2397 1008 2440 sicut
1037 2399 1188 2442 crebro
1226 2399 1310 2454 (11,
1347 2404 1387 2441 4.
1434 2403 1503 2454 32,
1539 2404 1608 2441 21.
1646 2405 1715 2443 22.

161 2471 230 2510 23.
284 2473 322 2521 7,
358 2471 428 2511 23.
481 2473 550 2523 34,
591 2473 639 2509 13
670 2470 779 2524 sqq.)
817 2469 872 2511 ad
920 2469 1038 2526 leges
1077 2470 1316 2526 Mosaicas‚
1366 2472 1485 2528 leges
1531 2472 1718 2515 foederis

158 2539 275 2583 inter
311 2539 526 2584 Jehovam
568 2548 612 2584 et
654 2540 867 2597 populum
914 2540 1007 2597 ejus
1046 2542 1361 2586 intercedentis
1408 2544 1492 2599 (34,
1531 2549 1580 2586 13
1603 2547 1713 2600 sqq.)

158 2626 404 2668 provocare.
478 2613 594 2655 Num
637 2628 772 2655 unam
809 2620 971 2656 certam
1009 2629 1063 2657 ex
1103 2615 1276 2671 legibus
1312 2617 1367 2658 ad
1404 2618 1583 2659 sabbata
1620 2632 1720 2673 per-

160 2684 406 2727 tinentibus
437 2691 604 2742 spectet
635 2692 679 2727 et
710 2700 862 2741 quam,
899 2701 1003 2728 sane
1035 2687 1280 2743 perspicere
1310 2688 1560 2743 nequimus.

274 2759 488 2813 Apertum
511 2765 577 2800 est
597 2764 758 2811 autem,
784 2757 940 2814 legem,
966 2766 1017 2801 ut
1037 2761 1217 2802 sabbato
1235 2759 1376 2802 otium
1394 2752 1466 2814 sit,
1488 2759 1720 2816 jubentem

160 2829 375 2872 Jeremiae
405 2837 548 2872 aetate
579 2844 706 2886 saepe
736 2829 943 2872 violatam
976 2845 1084 2886 esse,
1125 2839 1169 2874 et
1194 2831 1286 2888 jam
1325 2847 1350 2875 a
1384 2832 1582 2888 patribus
1624 2847 1720 2875 eam
