1904 3216
224 276 370 330 Atque
414 275 625 318 .nin..sar.
675 275 801 316 deam
830 276 992 318 Anum}
1029 291 1122 319 esse
1163 278 1375 331 quomodo
1413 278 1618 333 probatur
1631 281 1641 307 ¹
1654 280 1674 320 ²?
1712 286 1756 321 et

222 346 260 388 si
295 348 524 402 probatum
565 352 696 396 esset,
742 347 954 400 quomodo
992 349 1268 403 probaretur,
1316 348 1484 391 stellam
1533 349 1626 404 ejus
1665 363 1755 392 esse

224 418 397 460 lunam:
434 431 563 471 quam
582 431 607 458 a
626 416 880 472 Babyloniis
905 433 995 460 non
1016 419 1140 460 deam
1158 418 1352 460 habitam
1371 433 1479 472 esse,
1511 421 1588 463 sed
1606 421 1751 474 deum,

224 503 353 531 nemo
373 488 557 543 ignorat.
601 488 732 530 Porro
753 487 922 531 stellam
945 489 1223 544 .zir..ti..9az.
1256 489 1311 543 (h.
1337 505 1374 532 e.
1400 505 1602 547 „serpens
1621 490 1756 534 vitam

224 559 400 602 delens“
413 560 441 613 2)
479 559 692 600 Venerem
721 573 814 602 esse
844 559 1097 603 incredibile
1128 567 1208 602 est.
1567 610 1571 615 ,
1595 578 1598 580 ·

336 629 418 672 Ille
437 636 583 671 autem
602 630 706 672 ordo
732 629 772 686 ζ
799 630 856 687 Θ
878 630 927 687 2).
953 631 992 687 ῼ
1023 631 1069 687 b
1096 633 1150 686 &¹
1181 630 1241 687 ξ,
1265 645 1524 687 quamquam
1543 647 1570 674 a
1588 633 1757 675 dierum

225 700 377 744 ordine
408 700 603 743 diversus
634 708 721 754 est,
757 708 902 743 tamen
932 702 1077 756 aliqua
1106 701 1392 745 similitudine
1421 704 1477 746 ad
1506 718 1606 746 eum
1634 718 1756 747 acce-

226 773 305 814 dit.
367 774 421 814 In
449 778 634 826 utroque
664 772 779 814 enim
809 773 903 828 pari
931 774 1058 815 modo
1088 772 1172 814 sibi
1202 773 1439 815 succedunt
1461 774 1508 831 2.
1539 773 1580 830 9
1611 774 1679 831 b,
1712 782 1756 818 et

223 844 329 886 item
349 845 402 898 &¹
435 842 493 899 ζξ,
530 843 604 898 qui
622 844 695 885 hic
714 850 812 898 post
831 845 884 899 <3¹
913 843 953 899 ῼ
985 843 1049 900 b,
1085 843 1177 885 illic
1195 850 1295 886 ante
1317 858 1388 887 eos
1408 844 1604 888 collocati
1624 852 1749 888 sunt:

221 915 352 956 lunae
382 921 426 956 et
455 914 557 956 solis
597 915 700 956 ordo
739 921 932 957 mutatus
972 922 1036 957 est
1048 918 1078 957 3.
1148 915 1242 957 Nec
1280 914 1451 957 videtur
1487 915 1665 958 fortuita
1705 931 1755 959 ea

224 986 411 1028 duorum
441 986 644 1027 ordinum
674 985 929 1038 similitudo,
963 987 1039 1028 sed
1068 986 1246 1028 alterius
1276 1000 1331 1028 ex
1359 986 1493 1029 altero
1512 994 1648 1030 tracta
1668 987 1755 1030 ori-

227 1056 327 1112 gine
358 1071 450 1098 esse
481 1056 670 1098 effectus.
725 1057 872 1101 Quum
902 1064 1047 1099 autem
1076 1056 1358 1099 hebdomadis
1387 1063 1556 1100 nostrae
1587 1058 1755 1101 diemm

223 1127 354 1170 series
382 1127 501 1169 haud
531 1127 662 1169 dubie
693 1142 746 1169 ex
775 1127 925 1170 ordine
961 1127 1002 1184 K
1041 1127 1075 1184 ξ
1113 1127 1152 1183 ῼ
1180 1128 1236 1184 Θ
1265 1129 1319 1184 <33¹
1353 1127 1402 1184 Ξ),
1428 1128 1474 1185 ᾖ
1507 1129 1643 1184 petita
1670 1129 1755 1172 sit*

224 1205 267 1241 et
301 1213 355 1240 ex
389 1199 471 1240 hoc
500 1198 756 1254 babylonica
786 1199 955 1241 dierum
984 1199 1114 1241 series
1145 1199 1246 1241 duci
1280 1207 1486 1255 nequeat,
1531 1200 1756 1256 suspican-

224 1271 328 1312 dum
359 1277 437 1323 est,
456 1263 771 1325 'babylonicam
802 1285 855 1311 ex
883 1270 969 1322 illa,
1007 1284 1115 1324 quae
1145 1270 1192 1311 in
1220 1270 1489 1314 hebdomade
1517 1278 1661 1314 nostra
1686 1271 1756 1313 in-

222 1348 301 1395 est,
335 1347 471 1384 ortam
501 1355 602 1383 esse.

336 1411 635 1454 Hebdomadis
655 1412 934 1467 astrologicae
955 1412 1122 1453 dierum
1142 1412 1287 1465 series,
1311 1419 1361 1454 ut
1381 1427 1510 1468 supra
1530 1414 1586 1469 (p.
1609 1418 1656 1454 17
1674 1414 1755 1469 sq.)

223 1483 634 1536 demonstravimus,
670 1489 747 1524 aut
776 1497 800 1524 a
831 1483 1015 1525 Saturno
1044 1489 1119 1525 aut
1148 1498 1173 1524 a
1200 1484 1328 1525 Luna
1357 1483 1511 1539 incipit
1521 1486 1551 1526 ⁵.
1612 1485 1755 1539 Atque

223 1569 358 1609 quum
398 1554 445 1595 in
485 1554 658 1610 assyriis
698 1554 786 1596 illis
823 1554 983 1596 tabulis
1025 1555 1079 1609 (v.
1122 1569 1165 1609 p.
1192 1555 1260 1609 29)
1301 1554 1430 1595 Luna*
1463 1554 1653 1610 primum
1689 1555 1755 1597 lo-

223 1640 322 1668 cum
351 1632 498 1668 teneat
539 1632 581 1667 et
614 1625 878 1681 Babylonios
908 1626 1023 1667 diem
1052 1625 1099 1666 in
1128 1626 1212 1667 LX
1248 1632 1388 1681 partes
1426 1625 1631 1668 dividisse
1665 1641 1755 1669 non

221 1690 382 1739 temere
425 1699 687 1749 statuaturss,
739 1696 935 1738 ordinem
977 1696 1284 1751 babylonicum
1328 1711 1382 1738 ex
1425 1697 1576 1739 ordine
1621 1695 1662 1753 (ζ
1699 1696 1753 1752 ὅ(

234 1768 269 1824 ξ
302 1767 353 1825 ἣ.
383 1767 423 1824 ῼ
454 1768 500 1824 Τρ
526 1768 582 1824 Θ
612 1775 754 1810 ortum
784 1782 873 1810 esse
904 1767 1119 1809 existimo.
1172 1768 1300 1814 Quod
1327 1766 1410 1810 hoc
1437 1767 1564 1809 modo
1593 1766 1757 1808 factum

225 1855 316 1882 esse
336 1840 447 1881 mihi
467 1840 651 1882 videtur.
703 1839 981 1881 Planetarum
1001 1839 1132 1880 series
1151 1838 1257 1880 locis
1277 1839 1324 1880 ΙΙ
1343 1839 1386 1879 R
1405 1842 1457 1881 48
1490 1845 1533 1880 et
1552 1838 1621 1880 III
1640 1838 1681 1879 R
1704 1842 1753 1879 57

223 1912 383 1954 tradita
412 1918 612 1966 excerpta
642 1918 708 1953 est
737 1925 791 1952 ex
810 1910 989 1952 deorum
1019 1909 1143 1962 serie,
1178 1923 1307 1963 quam
1336 1909 1468 1951 habet
1495 1908 1643 1951 tabula
1671 1923 1756 1950 nu-

185 1971 188 1976 *
221 1997 362 2025 meros
404 1997 553 2024 eorum
584 1982 808 2024 exhibens.
870 1982 992 2026 Quae
1021 1996 1111 2023 non
1151 1987 1216 2023 est
1245 1979 1548 2035 antiquissima
1577 1980 1755 2022 deorum

224 2053 378 2107 series,
423 2060 466 2095 et
502 2059 602 2095 ante
642 2068 737 2095 eam
766 2053 990 2094 inventam
1018 2066 1108 2093 non
1138 2066 1287 2093 omnes
1316 2050 1587 2107 planetarum
1617 2050 1680 2092 dii
1708 2050 1756 2091 in

224 2125 403 2166 deorum
441 2124 653 2180 majorum
691 2138 872 2166 numero
909 2123 1089 2166 fuerunt
1126 2122 1192 2176 (cf.
1226 2123 1423 2174 IIR48,
1447 2125 1614 2163 28—39
1632 2136 1671 2164 a.
1689 2123 1751 2175 b).
1806 2133 1808 2135 ·

318 2239 347 2281 1)
377 2234 478 2273 Ιὲιαν
500 2238 623 2285 potius
647 2243 719 2273 est:
745 2237 786 2272 ΙΙ
802 2237 838 2271 R
854 2239 909 2280 54,
931 2238 971 2270 19
985 2249 1016 2272 e.
1029 2236 1053 2271 f.
1080 2235 1126 2271 cf.
1153 2237 1208 2279 49,
1230 2237 1270 2271 12
1285 2247 1315 2270 a.
1329 2235 1364 2271 b.
1786 2282 1796 2291 .

318 2296 348 2337 2)
379 2294 554 2342 Oppert
588 2295 692 2340 signa
726 2298 879 2329 cuneata
912 2290 1109 2328 musy-te-Zil
1137 2291 1367 2339 pronuntiat,
1408 2291 1505 2338 quod
1539 2289 1756 2327 vocabulum

224 2361 336 2398 assyr.
361 2363 439 2387 esse
463 2352 660 2387 arbitratur
685 2351 895 2397 significans
918 2350 1121 2393 „candens“.
1165 2348 1246 2391 Sed,
1273 2353 1315 2383 ut
1339 2352 1457 2383 cetera
1479 2347 1654 2391 omittam,
1681 2352 1756 2383 ter-

222 2425 316 2460 tium
340 2425 484 2471 signum
506 2408 700 2483 (gg)
731 2437 803 2460 non
827 2423 922 2459 inud
945 2428 1016 2468 est,
1044 2423 1142 2470 quod
1164 2412 1421 2470 pronuntiatur
1443 2422 1488 2457 m
1514 2404 1752 2479 (ΞΞΟ,

224 2493 288 2529 sed
312 2494 357 2529 ab
381 2506 423 2529 eo
447 2493 536 2529 satis
559 2493 753 2529 diversum.

316 2552 346 2593 3)
377 2550 433 2586 Of.
461 2549 637 2586 Schrader
658 2550 720 2586 1.1.
744 2561 826 2596 pag.
847 2550 924 2584 337.

315 2609 347 2650 4)
376 2607 421 2642 V.
447 2618 556 2653 supra
578 2619 661 2654 pag.
684 2609 738 2642 17.

318 2667 346 2708 5)
374 2663 473 2699 Ordo
499 2677 520 2699 a
543 2663 626 2699 Sole
650 2663 829 2710 incipiens
852 2662 1139 2699 hebdomadibus
1163 2659 1381 2706 astrologica
1410 2664 1447 2695 et
1476 2659 1647 2695 hebraica
1675 2670 1756 2695 con-

220 2720 362 2767 junctis
385 2725 487 2756 ortus
510 2725 577 2757 est.

319 2780 349 2820 6)
377 2777 591 2820 Brandis,
622 2779 766 2820 Mic’nz-,
794 2777 913 2812 Mass·
936 2790 970 2812 u.
992 2776 1294 2822 Gewichtssystem
1316 2775 1355 2809 in
1376 2773 1619 2815 Vorderasien,
1646 2784 1683 2818 p.
1704 2774 1756 2807 19.
