1904 3216
819 202 1132 243 —108—

324 319 389 373 29)
426 318 527 359 Non
566 324 630 358 est
666 330 814 368 causa,
860 329 938 357 cur
967 329 1211 367 sumamus,
1253 314 1524 357 Ezechielem
1566 314 1753 370 primum
1829 361 1832 365 ⁸

209 390 322 431 hanc
352 388 430 431 otii
461 386 673 430 sabbatici
702 386 915 428 rationem
946 386 1165 428 statuisse.
1202 410 1251 417 —
1289 390 1383 427 102.
1413 391 1506 429 103.

327 461 392 515 30)
438 458 624 501 Etiamsi
664 456 867 500 Ezechiel
910 472 1005 499 eam
1051 457 1311 499 sententiam
1355 456 1618 509 invenisset,
1665 471 1754 499 non

209 532 360 572 liceret
391 530 677 582 contendere,
723 529 815 585 ejus
845 535 986 571 aetate
1016 520 1185 570 sabbati
1214 535 1414 570 naturam
1444 527 1574 570 aliam
1604 527 1756 571 existi-

211 610 370 644 matam
401 615 493 643 esse
524 608 655 655 atque
685 607 827 643 antea.
859 625 917 631 ——
954 606 1046 642 103.
1078 605 1169 642 104.

328 676 394 726 31)
430 673 592 715 Versus
612 672 751 715 Exod.
778 676 844 725 31,
877 677 1037 714 16-17
1060 670 1310 727 posterioris
1330 670 1485 713 aetatis
1504 661 1607 712 sunt
1626 684 1754 724 quam

212 745 350 787 Exod.
377 748 444 796 20,
476 748 520 784 ll
557 750 600 785 et
628 742 677 784 in
708 742 896 794 „librum
925 743 1193 786 sanctitatis“
1231 742 1403 794 inserti,
1448 748 1681 795 antequam
1717 741 1756 783 is

211 817 258 857 in
287 816 450 857 librum
478 814 753 857 elohisticum
789 816 856 870 (A,
889 815 976 869 PC)
1012 822 1209 870 receptus
1240 822 1319 857 est.
1351 838 1409 844 --
1443 819 1536 856 104.
1567 818 1658 854 105.

332 887 397 941 32)
433 886 617 929 Etiamsi
648 886 830 940 scriptor
858 886 958 928 libri
989 885 1204 928 elohistici
1241 887 1305 939 (A,
1340 885 1426 939 PC)
1457 885 1620 940 primus
1659 898 1755 926 eam

214 959 292 1001 otii
330 957 539 1000 sabbatici
576 951 794 999 'rationem
833 957 1076 1010 statuisset,
1121 971 1250 1012 quam
1285 957 1334 998 in
1375 955 1578 1012 decalogo
1614 954 1755 998 Exodi

214 1029 425 1086 legimus,
466 1043 557 1071 non
586 1028 736 1071 liceret
764 1035 975 1078 statuere,
1015 1043 1115 1070 eum
1153 1029 1207 1071 de
1245 1028 1324 1070 otii
1353 1027 1563 1070 sabbatici
1600 1034 1756 1069 natura

214 1110 344 1156 atque
374 1100 630 1142 auctoritate
660 1099 787 1141 aliter
816 1100 1048 1156 cogitasse,
1093 1114 1222 1154 quam
1259 1098 1400 1154 priore
1436 1105 1628 1153 tempore
1656 1111 1756 1153 pro-

215 1173 371 1228 phetae
403 1179 445 1213 et
474 1171 623 1227 legum
652 1171 846 1227 priorum
875 1171 1105 1226 scriptores
1135 1169 1433 1226 cogitaverint.
1466 1192 1523 1200 -
1559 1174 1650 1210 105.
