1904 3216
876 206 1160 247 —80-

251 327 300 361 et
339 319 581 374 eligunt,
635 332 770 372 quae
808 316 939 358 mihi
978 317 1221 372 placent,
1269 325 1320 360 et
1363 326 1559 362 tenent
1596 319 1791 362 foedus

251 404 443 432 meum:
480 390 625 431 domi
655 402 802 430 meae
834 395 887 429 et
915 387 970 429 in
1000 388 1288 431 moenibus
1317 389 1453 432 meis
1483 389 1793 433 memoriam

250 461 320 503 iis
359 461 587 503 condam
614 467 721 513 etc.,
769 466 822 501 et
860 458 1169 514 peregrini,
1213 460 1304 514 qui
1344 461 1407 502 ad
1441 461 1701 504 Jeho'vam
1738 475 1793 503 se

250 531 703 587 applicaverunt,
757 537 817 571 ut
865 530 915 572 ei
969 537 1198 585 pareant
1251 538 1304 573 et
1356 539 1539 574 ament
1593 547 1794 575 nomen

248 603 509 655 Jehovae,
545 609 600 644 ut
629 601 743 644 sint
777 601 930 644 servi
964 601 1103 657 ejus:
1147 603 1469 657 quicunque
1507 605 1794 646 sabbatum

252 680 438 716 servat
467 688 574 716 non
603 673 908 729 profanans
939 679 993 714 et
1023 672 1115 727 qui
1149 679 1343 715 tenent
1371 674 1787 717 foedusmeum:

255 746 440 787 ducam
478 759 564 787 eos
600 745 663 786 ad
697 751 927 786 montem
967 758 1135 786 meum
1172 758 1379 786 sacrum
1420 753 1474 788 et
1508 745 1806 788 delectabo-

251 830 340 858 eos
385 817 441 858 in
484 815 708 858 aedibus
752 816 882 858 meis
925 816 1114 868 sacris,
1164 815 1480 859 holocausta
1524 830 1701 859 eorum
1745 822 1797 859 et

255 887 536 930 sacrificia
567 894 717 943 grata
746 887 956 929 suntin
995 902 1081 929 ara
1121 901 1255 940 mea,
1299 903 1417 930 nam
1457 889 1640 931 dom-us
1684 901 1796 930 mea

255 965 473 1001 vocator
502 959 659 1000 aedes
681 958 879 1000 orandi
911 959 1156 1001 omnibus
1185 959 1402 1014 populis
1430 959 1529 1014 (Jes.
1557 959 1790 1020 56,1-—-7v).

252 1031 315 1072 Et
335 1029 715 1086 aedificabunt
734 1029 816 1071 tui
836 1030 1024 1071 ruinas
1053 1029 1327 1084 antiquas,
1350 1031 1542 1073 rudera
1561 1037 1796 1073 are-tatum
1872 1032 1875 1033 ⁷

253 1101 677 1156 praeteritarum
733 1101 1000 1143 excitabis
1056 1108 1107 1143 et
1160 1101 1461 1144 vocaberis:
1515 1101 1796 1157 „expletor

253 1172 528 1225 rimarum,
563 1178 898 1214 restaurator
927 1173 1161 1214 limitum
1192 1172 1487 1215 ferentium
1526 1173 1589 1214 ad
1626 1172 1796 1214 domi-

253 1243 492 1296 cilium“,
537 1243 583 1285 si
620 1243 826 1285 retines
867 1245 1053 1299 pedem
1082 1259 1107 1286 a
1137 1245 1377 1295 sabbato,
1417 1259 1482 1287 ne
1518 1243 1797 1300 negotium

253 1322 400 1356 tuum
428 1314 598 1356 facias
630 1314 715 1356 die
745 1329 856 1357 meo
887 1329 1055 1367 sacro,
1094 1322 1144 1358 et
1173 1317 1454 1358 sabbatum
1482 1330 1638 1359 vocas
1658 1315 1797 1358 deli-

253 1386 384 1439 cias,
423 1393 610 1428 sancto
641 1385 875 1428 Jehovae
913 1388 1294 1439 venerandum,
1340 1395 1391 1430 et
1429 1387 1505 1430 ita
1540 1387 1793 1441 honoras,

253 1464 311 1498 ut
342 1471 453 1499 'non
488 1471 645 1498 >cures
689 1456 802 1499 vias
842 1464 982 1510 tuas,
1030 1473 1135 1500 non
1174 1473 1298 1514 agas
1335 1458 1613 1515 negotium
1649 1466 1797 1501 tuum

254 1528 693 1624 nequwrias
749 1543 949 1584 gerras.
1042 1531 1156 1574 Quo
1221 1530 1364 1572 facto
1432 1529 1796 1572 oblectaberis

252 1600 475 1650 Jehova,
526 1599 626 1641 et‘
679 1599 828 1655 gredi
870 1606 920 1642 te
966 1600 1134 1642 sinam
1176 1601 1234 1643 in
1277 1601 1551 1643 montibus
1595 1608 1793 1655 terra-e,

253 1678 306 1713 et
342 1671 552 1726 perfrui
591 1614 856 1767 Nm
901 1671 1209 1714 hereditate
1245 1673 1435 1715 Jacobi
1479 1673 1652 1728 patri-s
1679 1672 1790 1724 tui,

253 1757 370 1784 nam
402 1757 454 1784 os
474 1742 708 1783 Jehovae
739 1741 977 1783 locutum
997 1749 1076 1784 est
1101 1743 1203 1797 (Jes.
1231 1747 1297 1795 58,
1328 1745 1528 1798 12—14).
1580 1744 1645 1785 Et
1673 1742 1794 1785 fiet:

253 1829 278 1856 a
308 1828 442 1856 nov-a
471 1813 600 1854 luna
638 1813 701 1854 ad
735 1826 922 1853 novam
963 1811 1143 1855 lunam
1182 1820 1233 1856 et
1267 1830 1292 1856 a
1322 1815 1541 1856 sabbato
1580 1814 1643 1856 ad
1672 1815 1800 1856 ‘sab-

253 1887 434 1927 batum
468 1884 654 1926 veniet
695 1883 867 1925 omnis
915 1897 1034 1926 caro
1073 1892 1279 1927 oratum
1316 1900 1487 1928 coram
1517 1900 1623 1938 me,
1663 1885 1799 1928 dicit

253 1956 454 1998 Jehova
492 1956 574 2010 (66,
600 1956 688 2010 23).

370 2029 641 2083 Ignoramus,
676 2041 785 2068 num
809 2028 993 2069 sabbata
1021 2028 1076 2069 ab
1107 2027 1311 2070 omnibus
1341 2036 1418 2071 aut
1436 2028 1637 2084 plurimis
1653 2030 1799 2071 Israe-

254 2100 344 2142 litis
375 2099 423 2141 in
453 2097 605 2141 exsilio
634 2099 662 2140 J
664 2098 826 2140 ehovae
855 2098 1058 2140 fidelibus
1094 2106 1185 2141 tam
1209 2099 1453 2155 >diligenter
1486 2106 1652 2142 servata
1691 2099 1794 2154 sint,

257 2186 386 2226 quam
415 2170 624 2226 propheta
652 2169 813 2211 voluit:
849 2176 1015 2211 certum
1045 2177 1131 2224 est,
1165 2177 1315 2226 postea
1339 2170 1387 2212 in
1405 2171 1590 2226 patriam
1608 2185 1800 2215 reversos

255 2243 491 2285 admodum
521 2256 571 2284 ea
600 2240 859 2296 neglexisse.
918 2242 1050 2285 Quod
1080 2242 1205 2284 docet
1233 2243 1277 2284 N
1279 2242 1461 2296 ehemia,
1495 2256 1630 2297 quum
1659 2243 1800 2299 capite

257 2315 376 2356 XIII
414 2313 515 2355 libri
554 2327 717 2355 nomen
756 2311 848 2367 ejus
880 2311 1083 2355 habentis
1112 2321 1278 2367 narrat,
1324 2328 1370 2356 se
1399 2313 1560 2356 vidisse
1594 2314 1671 2357 vdie
1700 2315 1800 2356 sab-

257 2385 349 2428 bati
378 2384 606 2427 torcularia
636 2383 848 2425 calcantes
885 2390 927 2425 et
956 2384 1201 2439 manipulos
1239 2385 1416 2427 domum
1454 2391 1675 2440 portamus
1712 2384 1801 2428 asi-

257 2458 411 2511 nisque
440 2456 712 2512 imponentes
743 2461 787 2496 et
815 2454 983 2507 vinum,
1016 2455 1195 2509 fructus,
1230 2456 1399 2511 aliaque
1429 2470 1560 2498 onera
1583 2455 1801 2499 ‹Hieroso-

256 2530 373 2585 lyma
403 2528 610 2570 ferentes:
656 2525 916 2568 sciscitando
947 2527 1224 2582 comperisse,
1257 2534 1512 2570 mercatores
1541 2527 1800 2570 Phoenicius

260 2616 330 2643 eas
360 2613 524 2642 merces
564 2604 789 2654 apportare
828 2603 870 2638 et
909 2599 1086 2640 sabbato
1115 2599 1143 2639 J
1145 2599 1295 2641 udaeis
1337 2599 1538 2641 vendere.
1610 2599 1716 2641 Ideo
1743 2612 1799 2640 -se

258 2671 427 2714 nobiles
457 2671 647 2712 ‚Iudaeos
677 2668 831 2711 acriter
860 2668 1129 2725 increpuisse
1159 2677 1203 2712 et
1231 2676 1374 2725 portas
1400 2669 1683 2712 custodiendo
1700 2683 1803 2725 pro-

258 2743 468 2796 hibuisse,
515 2740 747 2796 quominus
784 2739 972 2795 amplius
1007 2741 1184 2784 sabbato
1222 2742 1378 2783 fierent
1416 2740 1606 2797 negotia.
1678 2739 1801 2796 Tyrii

259 2815 434 2868 quidem
467 2819 587 2865 sunt,
625 2812 700 2866 qui
730 2811 919 2853 sabbatis
948 2825 1112 2854 merces
1143 2819 1371 2868 apportant
1401 2819 1444 2854 et
1473 2812 1691 2864 vendunt,
1725 2810 1802 2853 sed
