1904 3216
779 175 950 220 ..-‘63
1008 202 1066 209 ,-

155 299 224 348 60,
262 298 279 335 1
310 308 437 336 ueros
468 312 523 330 =
556 297 651 348 600,
692 298 709 335 1
745 308 860 336 saros
891 313 946 331 =
980 300 1002 337 6
1034 309 1129 336 ner.
1162 313 1219 330 =
1251 298 1304 335 60
1335 308 1441 336 8088.
1476 313 1529 331 =
1562 298 1698 345 360ος

156 372 173 408 1
197 366 303 409 hora
322 386 378 403 =
400 371 451 408 60
474 366 753 422 sexagesimis
784 373 887 419 etc.;
925 366 1056 408 etiam
1086 366 1179 408 dies
1210 366 1258 407 in
1288 380 1384 408 sex
1412 373 1555 422 partes
1586 366 1700 408 divi-

151 437 381 490 debatur-¹3
421 443 437 478 1
463 438 677 480 talentum
698 458 752 475 =
777 443 799 479 6
822 438 976 490 minis,
1024 443 1040 478 1
1065 438 1186 479 mina
1207 458 1262 475 =
1285 444 1337 480 60
1359 438 1498 492 siclis3
1549 444 1562 479 1
1589 439 1702 491 {canu

151 529 206 547 =
229 514 253 552 6
275 509 453 552 ammata·
471 510 539 565 (cf.
565 512 653 552 tab.
680 509 878 565 Senker.)
907 517 1014 562 etc.;
1049 517 1179 565 atque
1208 525 1392 553 numero
1421 510 1702 566 sexagenario

150 581 416 638 Babylonios
446 597 545 624 usos
576 597 670 625 esse
700 590 922 638 tamquam
956 582 1108 637 regula
1146 597 1429 625 numerorum
1467 583 1702 639 disponen-

151 653 304 696 dorum
335 654 834 711 (Seoeaqesimal-System)
864 661 1020 696 notum
1050 662 1129 696 est.
1183 655 1335 710 Itaque
1365 655 1573 698 credibile
1591 655 1702 697 mihi

149 724 337 780 videtur,
371 740 448 768 sex
477 726 648 768 dierum
677 727 867 782 spatium
893 741 1142 768 mensuram
1162 741 1391 782 operarum
1411 727 1560 782 fuisse,
1595 743 1634 770 e.
1659 743 1696 770 c.

149 797 198 839 in
226 797 505 847 mercenariis
535 798 846 841 conducendis.
909 798 1033 840 Hinc
1070 799 1213 853 facile,
1256 806 1307 841 ut
1345 799 1511 855 opinor,
1556 801 1701 856 potuit

147 868 243 911 fieri
257 902 268 923 ,
311 877 362 912 ut
401 870 586 926 operarii
627 885 754 927 saepe
795 870 980 926 septimo
1020 870 1091 913 die
1131 872 1186 913 ab
1224 885 1352 926 opere
1391 879 1609 914 cessarent
1639 880 1696 927 et,

147 954 283 995 quum
313 944 460 985 crebro
490 943 619 986 multi
662 942 795 985 simul
830 943 886 984 ad
923 957 1032 998 opus
1073 957 1302 984 commune
1340 944 1696 999 aggrederentur,

146 1013 276 1055 multi
305 1015 491 1071 septimo
522 1016 593 1058 die
624 1016 757 1058 simul
788 1016 876 1057 otio
906 1029 953 1057 se
984 1016 1156 1057 darent:
1192 1022 1323 1070 atque
1354 1016 1467 1058 hanc
1486 1017 1696 1071 paulatim

146 1085 344 1128 omnium
374 1088 739 1130 consuetudinem
759 1087 918 1129 factam
939 1102 1043 1141 esse,
1080 1095 1261 1130 naturae
1281 1103 1425 1130 rerum
1446 1088 1698 1130 hominum-

145 1171 230 1212 que
258 1160 510 1202 necessitati
540 1167 882 1202 consentaneum
913 1166 994 1201 est.
1058 1160 1314 1203 Communis
1355 1168 1500 1202 autem
1529 1162 1700 1204 utilita-

144 1228 202 1271 tis
240 1237 354 1285 erat,
399 1233 574 1275 eosdem
614 1247 784 1288 semper
821 1234 875 1274 ab
917 1232 1119 1274 omnibus
1160 1247 1287 1275 senos
1330 1233 1422 1275 dies
1459 1248 1614 1289 operae
1655 1241 1699 1276 et

142 1300 282 1345 labori
312 1305 586 1359 eundemque
616 1305 849 1360 septimum
872 1319 1088 1360 quemque
1110 1305 1226 1346 diem
1247 1305 1336 1346 otio
1357 1301 1514 1347 tribui:
1550 1313 1692 1361 atque,

143 1374 260 1428 quod
297 1375 466 1418 utilitas
504 1377 664 1430 suasit,
710 1392 760 1419 eo
799 1378 939 1433 magis
976 1377 1180 1419 omnibus
1219 1376 1434 1432 placuisse
1473 1379 1696 1432 probabile

143 1452 222 1499 est,
257 1460 393 1501 quum
423 1448 660 1504 septenarii
689 1448 865 1490 numeri
897 1449 1119 1490 sanctitati
1150 1448 1325 1504 septimi
1356 1450 1567 1505 cujusque
1590 1450 1691 1504 diei,

140 1531 217 1558 sex
251 1518 416 1574 priores
451 1519 597 1562 labore
635 1528 885 1563 consumtos
923 1520 1220 1575 insequentis,
1263 1521 1351 1562 otio
1393 1522 1695 1578 distinguendi

139 1589 335 1632 officium
364 1591 493 1634 facile
522 1592 744 1635 videretur
774 1593 936 1635 deberi.

253 1669 323 1711 Ita
352 1668 556 1712 videlicet
586 1671 783 1713 ordinem
813 1671 1137 1714 hebdomadum
1167 1671 1370 1713 hebraico
1401 1671 1591 1714 similem
1610 1688 1695 1729 pu·-

139 1746 252 1782 tares
282 1741 570 1784 constitutum
598 1757 706 1797 esse,
739 1743 862 1785 nulla
892 1743 1071 1796 mensis,
1106 1758 1235 1799 quem
1264 1751 1494 1800 septenum
1525 1745 1693 1788 dierum

139 1827 341 1855 mensura
375 1828 466 1856 non
494 1821 731 1870 potuerunt
762 1816 970 1869 dimetiri,
1013 1816 1179 1857 ratione
1209 1816 1374 1858 habita.
1447 1817 1566 1859 Illud
1603 1833 1693 1860 non

140 1899 233 1927 esse
263 1884 443 1940 factum,
478 1894 626 1930 contra
655 1903 681 1929 a
710 1903 822 1930 nova
853 1903 1023 1944 quaque
1053 1888 1159 1929 luna
1185 1903 1348 1930 novum
1368 1889 1692 1932 hebdomadum

138 1956 337 1999 ordinem
371 1957 621 2015 inceptum,
665 1974 770 2003 sane
805 1961 1055 2002 mirandum
1097 1968 1177 2003 est.
1249 1962 1396 2015 Atque
1432 1976 1690 2018 quocunque

136 2029 266 2071 modo
295 2030 573 2074 arbitraberis
603 2032 766 2074 factum
787 2047 895 2086 esse,
919 2040 970 2075 ut
990 2034 1169 2074 sabbata
1190 2031 1541 2089 instituerentur,
1575 2043 1690 2078 certe

135 2101 298 2143 mirum
337 2102 420 2144 tibi
458 2104 680 2146 videbitur
708 2104 980 2160 aequabilem
1008 2104 1331 2147 hebdomadum
1373 2106 1527 2148 seriem
1565 2122 1690 2149 men-

135 2173 251 2216 sium
279 2173 432 2230 spatiis
454 2175 624 2218 diversa
644 2177 813 2219 ratione
836 2163 1028 2219 definitis
1051 2178 1260 2231 turbari2‚
1293 2179 1549 2233 praesertim
1569 2195 1684 2236 vero,

135 2244 173 2287 si
209 2245 525 2290 hebdomadem
564 2263 813 2291 mensuram
852 2264 1080 2305 operarum
1119 2250 1327 2292 usitatam
1366 2250 1502 2293 fuisse
1541 2254 1683 2308 ponis.

136 2317 256 2363 Quid
294 2318 412 2361 enim
451 2335 489 2362 e.
522 2335 579 2373 c.,
623 2321 661 2363 si
694 2321 902 2364 locandae
940 2329 1063 2364 erant
1102 2337 1256 2378 operae
1297 2337 1374 2365 sex
1412 2324 1483 2365 vel
1522 2333 1686 2380 septem

133 2389 471 2446 hebdomadum,
506 2393 621 2447 quod
651 2394 858 2450 temporis
887 2394 1078 2450 spatium
1107 2410 1246 2437 unum
1285 2396 1354 2438 vel
1384 2397 1471 2438 duo
1501 2398 1572 2438 vel
1600 2405 1686 2440 tres

133 2461 227 2505 dies
257 2463 398 2506 sexies
426 2464 497 2506 vel
525 2465 686 2521 septies
706 2473 935 2522 septenum
966 2467 1135 2509 dierum
1164 2482 1396 2510 numerum
1427 2471 1686 2513 excedentes

134 2535 414 2578 continebat?
460 2538 543 2579 'An
572 2538 714 2593 placet
743 2538 813 2580 his
852 2539 1006 2582 diebus
1046 2540 1171 2595 quasi
1208 2540 1498 2597 adscripticiis
1538 2544 1684 2597 quoti-

227 2670 256 2713 1)
285 2669 328 2706 V.
353 2670 550 2718 Eppiug,
578 2672 750 2707 Stimmen
776 2684 838 2708 aue
861 2671 1147 2715 Muriufflaack,
1179 2674 1263 2708 1881
1291 2685 1375 2720 pag.
1397 2676 1476 2710 284.

225 2729 256 2771 2)
287 2727 426 2764 Lunari
456 2729 574 2764 mensi
603 2730 755 2765 sabbata
784 2741 878 2766 nexa
909 2730 1025 2766 fuisse
1057 2743 1131 2765 non
1165 2733 1310 2766 necesse
1341 2737 1415 2773 est,
1450 2732 1522 2768 nisi
1554 2735 1680 2769 Lunae

131 2783 284 2820 fuerunt
314 2783 394 2821 dies
421 2785 521 2822 festi.
571 2787 698 2822 Lunae
723 2792 845 2822 autem
870 2787 947 2823 dies
970 2799 1013 2824 ea
1044 2801 1117 2824 non
1142 2788 1275 2832 fuisse,
1309 2794 1394 2824 ante
1424 2791 1516 2836 (pag.
1535 2793 1588 2835 61)
1621 2791 1679 2827 de-

130 2847 372 2878 monstratum
395 2849 461 2879 est.
