1904 3216
803 196 859 202 --
919 175 999 214 1104
1058 197 1115 203 —-

195 284 403 340 appellari
432 294 692 341 potuerunt,
739 299 824 340 quo
854 293 1217 340 cognoscerentur
1246 285 1435 328 Jehovae
1465 286 1651 329 cultores
1680 287 1735 327 ab

197 356 290 411 ipso
311 363 457 398 sancte
477 356 623 398 vivere
645 356 775 398 docti.
829 356 911 398 Illo
931 356 1025 398 loco
1045 356 1239 411 pergitur
1259 357 1409 410 (Exod.
1437 361 1503 410 31,
1534 359 1732 410 15—17):

198 427 301 470 Sex
330 427 528 469 diebus
558 427 835 482 negotium
865 427 1082 481 facitor,
1119 428 1212 470 sed
1241 427 1466 483 septimo
1496 428 1581 470 die
1611 429 1738 470 sab-

195 499 407 551 batum,
470 497 586 539 dies
642 497 887 540 feriandi
946 498 1147 551 festus,
1211 513 1429 541 sacrum
1485 499 1734 541 Jehovae.

200 570 533 624 Quicumque
562 569 841 624 negotium
871 569 1063 612 fecerit
1094 572 1338 624 sabbato,
1377 570 1612 613 moritor.
1672 570 1736 612 Et

196 640 309 681 filii
346 640 572 682 Israelis
609 642 888 682 sabbatum
931 649 1203 694 servanto,
1246 650 1304 683 ut
1340 649 1582 684 servetur
1615 641 1738 682 sab·

196 714 378 753 batum
408 711 546 766 apud
577 711 774 767 stirpes
805 726 983 754 eorum
1013 712 1203 755 foedus
1233 721 1522 756 aeternum.
1586 713 1741 754 Inter

197 797 272 823 me
304 789 354 823 et
383 782 536 824 filios
567 783 791 825 Israelis
827 782 1040 838 signum
1078 791 1157 826 est
1193 784 1246 825 in
1284 792 1578 837 aeternum,
1619 797 1738 825 nam

195 867 285 894 sex
331 852 521 895 diebus
559 854 761 896 Jehova
806 854 938 896 fecit
976 855 1180 897 coelum
1217 863 1268 897 et
1301 863 1495 897 terram
1530 862 1582 898 et
1616 869 1739 910 sep-

195 925 325 966 timo
378 924 545 966 desiit
568 950 571 957 ·
598 933 648 967 et
699 925 952 982 (respiravit)
1012 926 1298 981 requievit.
1363 928 1609 975 ,Incertum
1653 932 1736 978 est,

195 1003 341 1037 utrum
370 995 478 1038 haec
507 998 638 1038 verba
667 997 715 1038 in
744 996 855 1039 libro
884 996 1126 1039 sanctitatis
1155 998 1339 1050 fuerint,
1381 1013 1435 1040 an
1468 1000 1522 1040 ab
1563 1012 1625 1049 eo,
1662 996 1739 1051 qui

194 1067 533 1122 pentateuchum
565 1067 611 1108 in
642 1082 752 1121 eam,
787 1083 915 1123 quam
945 1083 1065 1111 nunc
1093 1069 1317 1122 habemus,
1350 1069 1533 1111 formam
1553 1066 1738 1123 redegit,

195 1138 264 1179 vel
293 1140 347 1180 ab
378 1138 463 1180 alio
493 1146 594 1180 ante
626 1153 726 1180 eum
764 1138 856 1181 sive
891 1147 989 1195 post
1027 1155 1127 1182 eum
1162 1139 1267 1182 huic
1302 1140 1390 1196 legi
1427 1140 1596 1195 adjecta
1632 1138 1736 1181 sint.

195 1211 357 1252 Versus
384 1215 432 1251 15
464 1224 489 1251 a
519 1209 726 1265 scriptore
755 1210 856 1252 libri
887 1211 1102 1253 elohistici
1134 1213 1200 1265 (A,
1230 1211 1316 1266 PC)
1351 1211 1523 1253 videtur
1552 1209 1743 1265 scriptus

199 1295 304 1331 esse,
345 1286 394 1323 16
427 1289 470 1322 et
505 1286 552 1321 17
586 1288 731 1324 autem
763 1281 855 1337 ejus
886 1290 1001 1324 certe
1030 1297 1120 1324 non
1150 1290 1264 1334 sunt,
1310 1297 1444 1337 quum
1482 1280 1741 1325 vocabulum

199 1349 320 1395 &2:³³
361 1352 641 1407 „respiraviffl
684 1354 736 1394 de
774 1354 870 1395 Deo
909 1353 1075 1396 dictum
1115 1369 1140 1396 a
1178 1353 1493 1396 consuetudine
1532 1351 1747 1396 sermonis

198 1423 290 1479 ejus
318 1423 545 1479 discrepet,
578 1439 720 1479 neque
743 1424 847 1466 satis
868 1425 1073 1467 credibile
1105 1425 1176 1478 sit,
1211 1425 1256 1466 id
1285 1425 1521 1481 posteriore
1551 1407 1743 1480 tempore

196 1496 409 1537 insertum
449 1510 557 1537 esse.
620 1497 759 1537 Immo
791 1496 1045 1538 memoriam
1075 1498 1199 1539 affert
1234 1497 1319 1539 loci
1348 1497 1488 1539 Exod.
1513 1501 1583 1549 23,
1613 1499 1660 1537 12
1693 1495 1742 1537 in

195 1566 305 1608 libro
326 1566 529 1620 foederis,
563 1574 693 1620 atque
713 1566 758 1608 id
788 1567 932 1622 ipsum
953 1568 1126 1610 videtui·
1147 1569 1455 1610 documentum
1476 1582 1568 1610 esse
1589 1566 1744 1609 aetatis

197 1653 287 1679 non
317 1637 378 1679 ita
407 1651 537 1680 serae.
595 1639 749 1693 Itaque
780 1639 994 1692 existimo,
1028 1639 1106 1682 hos
1136 1654 1284 1682 versus
1314 1639 1361 1680 in
1390 1639 1550 1681 librum
1579 1638 1743 1681 sancti-

196 1709 298 1751 tatis
329 1709 513 1751 insertos
544 1724 637 1751 esse
667 1717 899 1764 antequam
929 1710 966 1751 is
997 1710 1044 1751 in
1073 1710 1235 1752 librum
1267 1710 1541 1753 elohisticum
1563 1711 1630 1764 (A,
1653 1710 1744 1764 PC)

195 1788 393 1836 receptus
422 1779 493 1821 sit.

312 1853 586 1905 Quamquam
618 1851 824 1894 credibile
856 1861 934 1904 est,
971 1868 1083 1906 eum,
1111 1853 1186 1907 qui
1206 1854 1435 1895 sabbatum
1455 1853 1631 1909 signum
1650 1853 1747 1896 foe·-

199 1924 312 1965 deris
341 1924 368 1965 J
371 1923 532 1965 ehovae
563 1937 662 1964 cum
693 1922 903 1965 Israelitis
933 1923 1038 1966 facti
1067 1933 1209 1978 vocat,
1252 1924 1369 1966 idem
1408 1924 1463 1966 ad
1491 1924 1745 1967 memoriam

198 1994 358 2050 quietis
386 1994 473 2037 Dei
503 2001 601 2049 post
629 1994 845 2035 mundum
876 2002 1069 2037 creatum
1100 2003 1249 2051 captae
1280 1996 1536 2038 servandam
1565 1996 1749 2038 institu-

200 2076 293 2108 tum
324 2065 607 2118 existimasse,
643 2080 775 2120 quum
807 2066 1029 2109 Israelitae
1060 2067 1236 2109 otiando
1271 2067 1461 2109 sabbatis
1497 2067 1744 2123 exemplum

199 2137 399 2178 divinum
445 2135 668 2178 imitantes
707 2137 792 2178 Dei
837 2137 1023 2180 cultores
1063 2153 1108 2180 se
1152 2140 1409 2194 praeberent
1422 2172 1431 2190 ‚
1479 2147 1650 2192 tamen,
1695 2146 1749 2180 ut

200 2208 367 2264 opinor,
402 2207 623 2249 neminem
654 2207 808 2263 fugiet,
842 2223 995 2264 parum
1026 2225 1117 2252 esse
1149 2209 1399 2263 verisimile,
1433 2210 1645 2252 rationem
1667 2210 1746 2252 otii

199 2278 409 2321 sabbatici
452 2293 507 2320 ex
554 2279 802 2321 narratione
850 2281 1007 2322 mundi
1052 2281 1336 2323 hebdomadis
1376 2281 1516 2337 spatio
1560 2281 1746 2324 confecti

199 2351 383 2406 petitam
411 2350 552 2406 primo
585 2365 675 2393 esse
703 2351 969 2407 propositam
999 2352 1110 2408 lege,
1153 2367 1237 2407 qua
1267 2353 1495 2395 sabbatum
1524 2360 1746 2407 tamquam

200 2423 377 2478 signum
406 2422 558 2478 populi
587 2437 612 2464 a
642 2423 737 2464 Deo
769 2422 896 2465 electi
927 2423 1177 2479 imperatur.
1241 2424 1379 2466 Immo
1407 2423 1631 2479 probabile
1661 2431 1742 2476 est,

201 2509 253 2535 ex
283 2493 368 2535 alia
398 2493 493 2549 lege
514 2493 746 2543 sabbatica,
782 2494 897 2537 hanc
916 2495 996 2537 otii
1017 2495 1218 2551 imperati
1238 2496 1450 2537 rationem
1470 2494 1747 2550 praecipuam

202 2565 270 2607 vel
300 2565 435 2608 solam
464 2573 745 2620 proponente,
782 2580 878 2607 eam
907 2565 955 2607 in
984 2566 1098 2608 hanc
1135 2567 1278 2622 legem
1317 2574 1536 2621 tamquam
1575 2565 1746 2608 addita-

200 2645 399 2678 mentum
437 2651 575 2693 paene
612 2637 880 2692 superfluum
920 2652 1011 2679 esse
1050 2638 1320 2681 translatam.
1389 2638 1567 2692 Itaque,
1611 2651 1748 2692 quum

201 2717 372 2763 praeter
399 2708 538 2750 Exod.
566 2714 633 2761 31,
663 2714 709 2750 17
742 2723 891 2750 versus
912 2709 1049 2751 Exod.
1077 2714 1145 2762 20,
1176 2715 1220 2751 11
1254 2709 1371 2752 solus
1394 2708 1515 2751 illam
1534 2708 1747 2750 rationem

201 2779 418 2832 exhibeat,
455 2780 492 2822 is
522 2779 640 2835 prius
671 2780 856 2835 scriptus
887 2780 1201 2823 existimandus
1232 2789 1295 2823 est
1322 2794 1451 2835 quam
1473 2779 1561 2822 ille.
1614 2779 1749 2822 Nulla
