1904 3216
825 178 1139 216 —102-

322 291 483 345 Legem
520 289 657 331 Exod.
694 292 762 339 31,
793 292 857 329 13.
888 293 934 328 14
976 289 1030 329 61)
1070 288 1297 330 Ezechiele
1333 290 1416 343 (20,
1454 293 1500 330 12
1524 290 1633 343 sqq.)
1678 289 1751 330 in-

208 361 367 403 culcari
398 360 613 403 credimus
645 360 700 413 (ν.
734 372 864 413 supra
893 373 990 414 pag.
1021 359 1106 412 79).
1171 360 1285 401 Sunt
1314 373 1412 402 vero
1451 360 1526 414 qui
1567 367 1750 402 conten-

209 432 336 484 dant,
377 446 466 473 non
497 432 551 472 ab
581 430 656 472 illo
687 429 825 484 repeti
863 429 1025 485 legem,
1071 430 1147 471 sed
1186 429 1280 485 lege
1319 437 1416 485 post
1453 444 1552 472 eum
1591 430 1749 486 scripta

207 502 342 558 repeti
373 516 438 555 ea,
474 515 582 556 quae
612 500 821 556 propheta
862 500 1129 557 excogitarit.
1205 501 1405 543 Smend
1444 501 1491 543 in
1531 515 1750 544 commen-

207 573 315 616 tario
353 573 463 628 (pag.
495 572 586 626 131)
618 571 744 614 (11611;
781 571 893 622 „Die
932 574 1080 614 Worte
1092 572 1247 627 finden
1283 572 1370 614 sich
1398 571 1585 614 ziemlich
1613 586 1750 627 qenau

207 659 251 686 so
281 643 432 685 wieder
460 644 545 685 Ex.
569 646 639 695 31,
666 646 736 685 13.
799 642 1038 698 Verqleicht
1068 657 1165 685 man
1197 642 1312 686 beide
1340 643 1497 686 Stellen
1536 643 1580 685 in
1618 642 1750 685 ihrem

209 713 607 769 Zusammenhanqe,
651 729 695 756 so
725 714 884 756 scheint
923 714 990 756 die
1020 714 1232 757 Prioritc‘it
1261 714 1476 757 Ezechiels
1511 713 1752 771 unzwetfel-

206 786 346 841 baffi-¹.
401 787 529 830 Quod
558 786 668 827 mihi
697 800 753 827 ne
782 785 1005 840 probabile
1035 786 1211 840 quidem
1241 786 1426 828 videtur.
1478 787 1570 828 Lex
1599 787 1754 828 sabba-

209 857 293 899 tica
323 857 461 899 Exod.
489 862 536 898 31
571 857 633 899 ita
660 857 822 912 scripta
853 863 939 909 est,
983 863 1033 898 ut
1072 871 1215 910 neque
1256 871 1355 899 611111
1393 857 1752 899 antecedentibus

210 942 353 983 neque
385 943 483 970 cum
515 928 800 982 sequentibus
831 935 1032 971 contexta
1062 928 1272 981 videatur,
1319 935 1468 970 contra
1497 929 1618 984 apud
1645 929 1755 970 Eze-

210 999 394 1042 chielem
424 999 471 1040 in
502 999 708 1041 orationis
738 999 1015 1055 propheticae
1045 1006 1298 1042 contextum
1320 1006 1362 1041 et
1382 999 1753 1042 continuationem

207 1078 378 1126 recepta
409 1078 486 1113 est.
548 1072 608 1112 At
638 1085 691 1113 ex
721 1085 771 1112 60
791 1070 1127 1125 haudquaquam
1148 1071 1346 1123 efficitur,
1383 1070 1623 1113 Ezechielis
1642 1070 1753 1113 libro

208 1141 492 1183 recentiorem
532 1156 626 1184 esse
664 1142 808 1198 1686111
846 1142 1239 1197 pentateuchicam.
1301 1143 1361 1184 At
1391 1141 1756 1184 verisimillimum

207 1219 378 1268 putant,
412 1213 683 1255 Ezechielem
714 1228 814 1255 eum
844 1213 996 1265 fuisse,
1031 1213 1105 1267 qui
1134 1214 1301 1269 primus
1333 1215 1561 1255 sabbatum
1580 1212 1756 1268 signum

207 1298 300 1326 6886
332 1283 548 1326 cultorum
577 1285 604 1325 J
607 1284 767 1326 ehovae
798 1284 997 1327 voluerit.
1062 1284 1229 1326 Exsilio
1269 1284 1386 1326 enim
1426 1284 1618 1327 instante
1656 1298 1758 1339 pro-

207 1355 384 1410 phetam
422 1355 710 1407 intellexisse,
765 1363 952 1411 quantae
989 1356 1127 1398 otium
1168 1356 1438 1398 sabbaticum
1476 1354 1635 1411 populo
1678 1369 1756 1396 suo

211 1425 392 1468 utilitati
423 1426 548 1479 10161,
582 1427 621 1469 81
651 1427 828 1483 8181111111
859 1434 984 1480 68861,
1020 1442 1103 1481 quo
1125 1427 1347 1469 Israelitae
1378 1427 1548 1469 exsules
1568 1425 1757 1475 Jehovae

208 1497 359 1539 fideles
390 1512 414 1539 a
445 1497 682 1553 gentilibus
714 1498 1063 1541 discernerentur
1093 1505 1135 1540 et
1164 1499 1278 1540 inter
1317 1512 1361 1539 se
1398 1505 1620 1553 tamquam
1659 1497 1758 1538 vin-

208 1568 305 1610 culo
337 1569 678 1621 continerentur,
713 1584 847 1624 quum
878 1569 1151 1612 sacrificandi
1182 1569 1387 1611 facultate
1417 1568 1578 1624 templo
1613 1567 1756 1610 diruto

208 1641 380 1682 ademta
410 1640 500 1682 solo
531 1640 873 1682 circumcisionis
903 1655 986 1682 usu
1023 1647 1065 1682 et
1102 1640 1272 1682 sabbati
1306 1640 1394 1682 otio
1433 1641 1578 1682 Deum
1620 1638 1758 1682 colere

211 1718 255 1753 et
284 1711 509 1767 religionis
540 1726 643 1753 suae
674 1713 1025 1754 communionem
1054 1718 1297 1753 sustentare
1326 1717 1517 1766 possent.
1569 1711 1635 1752 Ac
1655 1724 1759 1752 sane

209 1783 415 1824 credibile
447 1790 535 1836 est,
570 1782 844 1825 Ezechielem
874 1781 1109 1838 cogitasse,
1144 1781 1313 1824 sabbati
1343 1781 1676 1824 celebrationem
1705 1781 1761 1823 ad

211 1867 306 1895 eam
335 1868 427 1894 rem
456 1853 611 1896 utilem
641 1854 756 1907 1016,
802 1868 952 1895 verum
981 1868 1071 1895 non
1101 1853 1204 1895 licet
1233 1867 1391 1908 ponere
1406 1887 1415 1904 ,
1449 1852 1629 1895 minoris
1660 1867 1760 1895 eum

209 1925 378 1967 sabbati
406 1925 740 1968 celebrationem
761 1925 896 1967 fuisse
917 1925 1258 1976 aestimaturum,
1294 1924 1383 1967 nisi
1402 1924 1514 1966 illud
1534 1922 1754 1975 voluisset,

211 1996 326 2050 quod
357 1996 534 2051 quidem
565 2011 664 2039 eum
694 1997 883 2039 voluisse
912 2011 1003 2039 non
1032 2002 1176 2051 potest
1206 1995 1333 2037 certis
1363 1995 1631 2051 argumentis
1660 2009 1762 2051 pro-

212 2067 318 2109 bari.
383 2068 498 2109 Nam
527 2068 728 2110 Ezechiel
758 2068 834 2110 illo
864 2068 958 2110 loco
996 2070 1078 2123 (20,
1111 2068 1172 2121 12)
1206 2081 1296 2109 11011
1326 2067 1452 2109 dicit:
1496 2066 1760 2118 „Observate

215 2140 458 2192 sabbatum,
493 2146 543 2181 ut
572 2138 896 2195 cognoscamini
915 2138 1127 2190 homines,
1163 2152 1270 2193 quos
1289 2138 1317 2179 J
1319 2137 1454 2180 ehova
1472 2137 1756 2190 sanctificet⁶⁴,

213 2210 289 2252 sed
318 2218 491 2264 narrat,
525 2211 553 2251 J
554 2210 736 2252 ehovam
767 2210 890 2262 olim,
928 2224 1062 2264 quum
1092 2209 1311 2251 Israelitas
1342 2223 1396 2251 ex
1423 2209 1623 2264 Aegypto
1653 2209 1761 2251 edu-

212 2281 364 2335 xisset,
399 2282 567 2323 sabbati
598 2281 932 2324 celebrationem
962 2280 1246 2337 praecepisse,
1291 2288 1341 2322 ut
1370 2279 1463 2335 ejus
1493 2279 1556 2321 rei
1586 2280 1762 2336 signum

215 2360 327 2395 esset
356 2377 413 2383 —-
442 2352 646 2395 videlicet
674 2367 764 2395 non
794 2353 940 2396 futuro
972 2353 1148 2395 demum
1178 2359 1369 2407 tempore
1399 2350 1678 2406 dispersionis
1718 2358 1762 2393 et

215 2423 373 2477 exsilii,
408 2424 446 2466 si
477 2438 527 2466 ea
557 2423 825 2466 acciderent:
862 2425 978 2479 quod
1008 2439 1058 2466 eo
1088 2422 1234 2465 minus
1254 2421 1524 2464 Ezechielem
1551 2422 1762 2478 cogitasse

223 2495 430 2537 credibile
461 2502 538 2547 est,
575 2510 710 2550 quum
740 2495 833 2550 ipse
855 2495 1058 2538 exsilium
1077 2509 1262 2550 poenam
1282 2508 1373 2536 esse
1403 2493 1518 2535 dicat
1547 2493 1761 2549 imprimis

219 2568 498 2609 sabbatorum
526 2566 843 2623 neglectorum.
905 2567 1057 2622 Itaque
1087 2565 1124 2608 si
1164 2565 1276 2607 illud
1312 2564 1518 2620 cogitavit
1552 2563 1764 2620 propheta

219 2638 272 2680 de
322 2638 536 2691 utilitate,
595 2653 725 2693 quam
774 2638 945 2680 sabbati
998 2637 1229 2679 celebratio
1283 2635 1491 2679 Israelitis
1538 2635 1762 2678 exsulibus

218 2709 400 2761 afferret,
437 2716 584 2752 tamen
615 2709 696 2751 hoc
725 2709 819 2751 loco
850 2723 940 2751 non
970 2716 1035 2750 681
1064 2708 1299 2763 professus.
1362 2706 1408 2749 Si
1448 2706 1627 2761 quidem
1656 2706 1763 2749 alibi

223 2780 286 2822 sic
315 2782 445 2822 verba
474 2781 669 2823 fecisset:
707 2781 912 2832 „Servate
941 2780 1181 2832 sabbatum,
1217 2779 1332 2833 quod
1360 2767 1535 2833 signum
1567 2784 1631 2820 681
1651 2778 1764 2820 inter
